报表日期,2007-03-31,2007-06-30,2007-09-30,2007-12-31,2008-03-31,2008-06-30,2008-09-30,2008-12-31,2009-03-31,2009-06-30,2009-09-30,2009-12-31,2010-03-31,2010-06-30,2010-09-30,2010-12-31,2011-03-31,2011-06-30,2011-09-30,2011-12-31,2012-03-31,2012-06-30,2012-09-30,2012-12-31,2013-03-31,2013-06-30,2013-09-30,2013-12-31,2014-03-31,2014-06-30,2014-09-30,2014-12-31,2015-03-31,2015-06-30,2015-09-30,2015-12-31,2016-03-31,2016-06-30,2016-09-30,2016-12-31,2017-03-31,2017-06-30,2017-09-30,2017-12-31,2018-03-31,2018-06-30,2018-09-30,2018-12-31,2019-03-31,2019-06-30,2019-09-30,2019-12-31,2020-03-31,2020-06-30
一、营业总收入,601078.0,1523193.2,2344788.4,3477718.1,864451.4,1972898.4,3032734.6,4429342.7,1167017.6,2770764.6,4284347.5,6027256.3,1325578.3,3072542.0,4606227.9,7026387.4,1508476.9,3733659.5,5828478.3,8625445.6,1861303.8,4264189.8,6073348.8,8421935.8,1809338.8,3757621.2,5465888.1,7523372.4,1905274.9,3769730.9,5880070.3,8147127.5,2099879.2,4589878.8,6852324.2,10018638.9,2185850.9,4775730.2,7156400.4,10123318.2,2574461.2,5401059.6,7657973.9,10881527.3,2752634.2,3943377.7,5876618.6,8551315.0,2220181.4,4460921.9,6424069.8,9073658.2,2148449.3,4719937.3
营业收入,601078.0,1523193.2,2344788.4,3477718.1,864451.4,1972898.4,3032734.6,4429342.7,1167017.6,2770764.6,4284347.5,6027256.3,1325578.3,3072542.0,4606227.9,7026387.4,1508476.9,3733659.5,5828478.3,8625445.6,1861303.8,4264189.8,6073348.8,8421935.8,1809338.8,3757621.2,5465888.1,7523372.4,1905274.9,3769730.9,5880070.3,8147127.5,2099879.2,4589878.8,6852324.2,10018638.9,2185850.9,4775730.2,7156400.4,10123318.2,2574461.2,5401059.6,7657973.9,10881527.3,2752634.2,3943377.7,5876618.6,8551315.0,2220181.4,4460921.9,6424069.8,9073658.2,2148449.3,4719937.3
二、营业总成本,601747.6,1498119.1,2310931.2,3395143.0,856005.4,1924813.5,2980428.8,4304237.2,1158193.9,2708898.9,4187331.7,5823283.1,1325096.6,3015343.8,4522373.1,6825507.6,1504865.8,3758158.9,5907960.3,8680082.0,1893596.1,4356468.4,6459750.4,9037301.0,1920069.4,3932090.4,5710762.8,7784523.4,1869994.5,3777221.6,5893026.1,8169370.3,2101654.8,4619466.9,6844845.1,10037785.5,2142876.4,4758350.1,7153500.0,10173789.1,2497881.3,5207693.4,7540387.6,10764883.5,2710913.9,4210511.0,6044559.4,8765926.6,2145877.6,4141351.4,5943267.6,8409428.6,2007864.6,4520607.9
营业成本,413432.0,967838.2,1553945.8,2300454.1,558312.0,1310221.3,1998364.7,2949253.0,765739.1,1882434.9,2873193.1,4062333.9,883248.2,2044691.4,3045762.6,4733502.6,992198.6,2624373.1,4065019.0,6015735.4,1335082.0,3127799.0,4608367.5,6409154.6,1332529.5,2723417.4,3896632.4,5312590.4,1266169.5,2550983.0,4020371.1,5576010.4,1358172.9,3042674.8,4566739.6,6910044.7,1427884.8,3182438.7,4893725.9,7010065.8,1745498.6,3644774.1,5235299.6,7500581.8,1981614.5,2750835.3,3978274.6,5736757.8,1332731.7,2711929.6,3959333.3,5700837.7,1303323.9,3141830.3
营业税金及附加,3011.1,11725.4,15297.2,28026.6,5258.9,14911.6,25127.4,41585.4,9864.3,30004.5,53317.6,69293.3,16335.7,46751.2,77333.3,114907.7,34764.4,89640.1,131038.2,146290.1,16624.6,60811.9,85352.6,119195.1,18446.1,36263.6,70198.4,107953.2,27336.2,67228.9,93619.7,133124.3,43925.0,84582.0,108639.9,130358.0,42200.5,37119.8,50739.8,86820.8,23007.3,53330.0,68797.4,94211.9,23568.9,37711.7,48676.2,63772.5,33077.8,59528.9,72848.3,93051.1,16877.3,31184.6
销售费用,72276.4,241887.7,342872.6,439512.5,131012.8,261683.9,407631.2,531251.6,151010.4,317713.9,525065.7,704438.2,186701.5,400005.2,640458.0,875496.8,205551.5,491339.6,786919.1,1095323.3,248609.6,532356.3,804734.2,1118063.3,222664.7,466750.9,714388.9,1000385.0,243891.0,474133.5,711611.4,1025916.5,248405.2,533317.4,795690.3,1177166.6,265919.1,597860.7,885819.2,1245815.2,276774.2,567655.2,873433.0,1210435.5,251574.8,472962.2,664116.2,908448.9,176611.9,402574.6,569069.9,786872.2,169458.4,394059.5
管理费用,35020.4,95890.1,146058.8,177755.4,48660.8,113073.3,166796.2,209971.5,62736.9,136772.7,213157.6,256792.8,65756.1,115095.9,192725.6,241029.4,47006.0,113638.5,176367.8,243170.3,47841.6,103802.6,164409.9,228147.2,56590.9,106078.8,154025.0,220226.7,55473.7,107225.1,153706.4,203144.5,57833.9,120780.7,177887.7,238335.5,67490.7,139398.5,192345.7,248791.8,70195.4,142774.9,219260.3,305720.8,65300.9,135934.7,190331.2,365149.8,126087.4,253850.8,352052.7,477282.3,104576.8,226512.6
财务费用,12931.9,19036.8,25598.2,49437.1,18491.4,40187.8,84311.8,130825.4,39316.4,36735.2,53811.4,78472.6,30867.2,74063.5,63530.9,119847.7,16458.6,44048.5,146035.2,235631.9,9927.6,83106.3,94627.1,233116.4,57767.3,144155.4,184979.2,246030.3,20752.4,50797.0,144494.8,210097.7,81509.9,100710.2,116758.0,143079.4,15261.3,-9505.8,14076.0,20777.3,-1568.6,28915.7,59438.9,104348.2,18599.2,18335.1,-16088.1,28064.8,77733.4,66280.9,54013.4,96595.5,89567.5,63283.3
资产减值损失,65075.8,9592.0,16022.2,78914.0,9338.3,19945.8,32239.3,41935.8,16516.9,44592.9,67225.4,73794.0,23726.3,15208.9,35270.3,31526.3,33113.5,28671.7,40218.0,94668.7,36535.9,46049.0,36465.1,46705.0,50909.4,92668.8,176856.0,158948.6,58495.5,114199.5,112847.6,120223.2,54805.3,188210.6,250043.1,218747.1,18934.7,105121.8,127965.2,285312.7,50918.9,102575.6,164420.8,253360.8,99883.9,122985.1,133969.0,207686.3,38432.4,0.0,0.0,0.0,0.0,0.0
公允价值变动收益,144.2,2481.1,1769.0,11556.6,-2839.4,-6963.3,-12563.9,-12832.8,-191.3,1264.8,1264.8,1256.0,3944.7,7792.6,5680.1,8359.7,-5999.3,-23655.1,-29056.3,-8867.5,-87.8,-3143.9,-8468.2,-10739.6,7782.6,16288.8,10030.4,20401.0,-30932.8,-5876.9,19619.6,14828.2,5402.8,995.6,-6624.0,-18368.2,-11182.4,-3635.0,-1408.3,2997.8,-6219.4,-5805.5,-5056.1,5830.1,20574.9,-37743.9,-75943.5,-86125.9,48129.9,-14260.4,-42385.6,-21399.2,15025.1,37772.4
投资收益,677.6,876.6,1381.4,5943.7,1667.6,5170.6,9852.4,12266.6,-712.6,235.0,235.0,1187.1,0.0,2397.8,3509.6,49716.3,9065.7,116528.9,116692.4,106454.9,7303.0,9087.8,46568.3,125888.6,80305.6,80913.1,83885.0,91440.6,2217.2,-7637.3,-3743.5,13447.4,26899.2,36226.8,44055.0,69561.9,-368.0,35796.5,93743.7,164027.9,6045.3,5199.6,231465.9,254032.8,-9465.4,-1870.2,-26976.9,29448.6,3549.0,31539.7,61883.9,24944.5,-1728.9,3025.7
其中:对联营企业和合营企业的投资收益,0.0,101.8,152.8,0.0,0.0,0.0,987.4,1987.7,0.0,1046.0,1046.0,2600.2,0.0,2219.7,2907.3,4412.3,842.5,940.7,940.7,7130.5,372.2,-792.2,-692.1,4812.3,0.0,-2964.4,-2951.1,3446.6,0.0,-4044.8,-4017.8,-5304.3,22.9,-3811.1,-2467.8,6327.8,-50.9,-1951.7,-1856.5,4516.6,119.7,-350.7,-2036.4,-12820.1,-13301.6,-21353.4,-47821.4,-79731.8,-16559.2,-15814.6,-23958.2,-67561.6,-10021.7,-6381.6
汇兑收益,0.0,0.0,0.0,0.0,0.0,0.0,0.0,0.0,0.0,0.0,0.0,0.0,0.0,0.0,0.0,0.0,0.0,0.0,0.0,0.0,0.0,0.0,0.0,0.0,0.0,0.0,0.0,0.0,0.0,0.0,0.0,0.0,0.0,0.0,0.0,0.0,0.0,0.0,0.0,0.0,0.0,0.0,0.0,0.0,0.0,0.0,0.0,0.0,0.0,0.0,0.0,0.0,0.0,0.0
三、营业利润,152.2,28431.8,37007.6,100075.4,7274.2,46292.2,49594.3,124539.3,7919.8,63365.5,98515.6,206416.3,4426.4,67388.6,93044.5,258955.8,6677.5,68374.4,8154.1,42951.0,-25077.1,-86334.7,-348301.5,-500216.2,-22642.4,-77267.3,-150959.3,-149309.4,6564.8,-21004.9,2920.3,6032.8,30526.4,7634.3,44910.1,32047.1,31424.1,49541.6,95235.8,116554.8,76405.8,329662.1,528667.5,675293.0,113970.4,-177591.1,-68288.2,-61195.1,146401.3,234320.9,588301.6,755218.2,105054.3,284060.0
加:营业外收入,9870.6,37474.4,56359.3,90613.3,10338.1,43554.4,74565.2,109829.6,11737.0,62015.3,88295.9,139142.0,22515.1,74381.1,121403.0,200214.9,22158.5,62911.9,154448.4,236871.0,53586.2,154671.8,220504.8,308125.3,50090.2,155665.2,262769.0,346542.8,72449.3,191266.4,282863.0,378764.3,86078.5,213121.2,314345.7,444294.5,106490.0,226373.0,332436.9,436154.8,100657.1,6940.3,9792.2,15927.7,4211.3,10349.7,9880.0,14265.1,4006.4,7430.8,14358.1,18370.0,1886.8,5565.9
减：营业外支出,421.8,4821.1,6347.5,17915.3,409.6,2982.4,4265.4,8114.6,3145.1,4261.2,5396.2,13084.1,1746.1,2483.8,6934.3,23150.6,642.8,4011.4,4594.0,16308.4,1170.7,2773.9,5188.3,6229.1,771.8,4219.8,10510.8,14449.1,1856.4,5862.9,15521.0,30974.9,3433.6,6516.7,11627.8,45988.4,815.1,5136.5,9052.5,629484.7,3869.1,7862.4,9405.3,19328.3,673164.9,675342.9,696471.9,688090.3,11681.3,18004.0,21048.0,57421.2,4095.7,5528.8
其中：非流动资产处置损失,294.0,568.3,0.0,2392.7,-82.3,0.0,809.7,3715.4,0.0,659.8,0.0,0.0,70.9,1022.2,1251.0,2409.4,3.3,508.7,1461.0,3062.9,137.1,1206.8,1977.8,1944.6,499.0,717.1,2010.1,1806.6,383.2,1617.9,5237.7,3566.1,435.2,1604.4,2051.3,2887.4,365.2,465.9,783.0,2251.4,834.1,2635.6,6492.4,0.0,0.0,0.0,0.0,0.0,0.0,0.0,0.0,0.0,0.0,0.0
四、利润总额,9601.0,61085.1,87019.4,172773.4,17202.7,86864.2,119894.1,226254.3,16511.7,121119.6,181415.3,332474.2,25195.4,139285.9,207513.2,436020.1,28193.2,127274.9,158008.5,263513.6,27338.4,65563.2,-132985.0,-198320.0,26676.0,74178.1,101298.9,182784.3,77157.7,164398.6,270262.3,353822.2,113171.3,214238.8,347628.0,430353.2,137099.0,270778.1,418620.2,-76775.1,173193.8,328740.0,529054.4,671892.4,-554983.2,-842584.3,-754880.1,-735020.3,138726.4,223747.7,581611.7,716167.0,102845.4,284097.1
减：所得税费用,2204.8,5544.4,13400.1,27628.3,5142.9,19921.6,22578.2,35060.8,5908.0,34245.7,49442.3,62908.1,5770.2,39957.1,58342.0,88371.9,11892.4,43641.9,39912.7,39204.3,6086.6,26362.4,17841.0,62142.1,6622.8,41253.7,43280.9,39420.7,14425.2,47267.5,83574.0,81049.2,27051.7,31020.2,58088.6,56326.2,30983.8,51942.7,76493.1,64011.8,41448.5,74418.4,99648.5,133258.2,-24067.0,-56503.3,-23639.1,-40086.3,27795.8,41291.4,99817.2,138500.1,21930.5,51759.0
五、净利润,7396.2,55540.7,73619.3,145145.1,12059.8,66942.6,97315.9,191193.5,10603.7,86873.9,131973.0,269566.1,19425.2,99328.8,149171.2,347648.2,16300.8,83633.0,118095.8,224309.3,21251.8,39200.8,-150826.0,-260462.1,20053.2,32924.4,58018.0,143363.6,62732.5,117131.1,186688.3,272773.0,86119.6,183218.6,289539.4,374027.0,106115.2,218835.4,342127.1,-140786.9,131745.3,254321.6,429405.9,538634.2,-530916.2,-786081.0,-731241.0,-694934.0,110930.6,182456.3,481794.5,577666.9,80914.9,232338.1
归属于母公司所有者的净利润,4244.5,45984.0,60284.5,125215.8,6089.4,55738.6,81572.5,166019.9,7865.5,78336.7,119201.5,245812.1,10986.4,87748.9,136142.5,325024.7,12728.9,76927.1,106853.6,206016.6,15087.4,24487.5,-170046.5,-284096.2,20499.6,31001.2,55159.9,135765.7,62218.2,112820.6,183152.6,263357.1,88293.0,161558.5,260418.0,320788.5,94951.0,176639.7,285888.7,-235741.8,121360.7,229286.7,390465.2,456817.2,-540723.7,-782419.0,-725972.3,-698366.2,86260.4,147069.9,412785.0,514787.7,77998.8,185728.9
少数股东损益,3151.7,9556.7,13334.8,19929.3,5970.4,11204.0,15743.4,25173.6,2738.2,8537.2,12771.5,23754.0,8438.8,11579.9,13028.7,22623.5,3571.9,6705.9,11242.2,18292.7,6164.4,14713.3,19220.5,23634.1,-446.4,1923.2,2858.1,7597.9,514.3,4310.5,3535.7,9415.9,-2173.4,3584.8,108.2,11575.8,-1334.0,17199.4,18743.9,44824.9,-2113.6,38.6,1446.2,31687.0,-1314.0,-25153.8,-37244.7,-38271.5,16074.6,18099.7,42936.1,28019.2,1292.5,44985.6
基本每股收益(元/股),0.044,0.48,0.63,1.3,0.063,0.41,0.61,1.24,0.06,0.45,0.68,1.4,0.06,0.32,0.49,1.17,0.05,0.27,0.31,0.61,0.04,0.07,-0.5,-0.83,0.06,0.09,0.16,0.39,0.18,0.33,0.53,0.77,0.24,0.47,0.63,0.78,0.23,0.43,0.69,-0.57,0.29,0.55,0.93,1.09,-1.29,-1.87,-1.73,-1.67,0.21,0.35,0.98,1.22,0.18,0.4
稀释每股收益(元/股),0.044,0.48,0.63,1.29,0.063,0.41,0.6,1.2,0.06,0.44,0.67,1.35,0.06,0.31,0.48,1.15,0.04,0.27,0.31,0.61,0.04,0.07,-0.49,-0.83,0.06,0.09,0.16,0.39,0.18,0.33,0.53,0.77,0.24,0.46,0.62,0.77,0.23,0.42,0.68,-0.57,0.29,0.55,0.92,1.08,-1.29,-1.87,-1.73,-1.67,0.2,0.35,0.98,1.22,0.18,0.4
七、其他综合收益,0.0,0.0,0.0,0.0,0.0,0.0,0.0,0.0,0.0,-4637.1,-2850.1,864.4,1036.4,-13508.5,-11450.4,4139.9,-1346.4,-230.3,-26632.0,-35018.7,-3588.6,72459.9,69946.7,75838.0,15332.0,-9983.8,-43051.7,-27926.2,12491.5,-145.8,-15898.4,-33360.4,-794.1,55957.3,-1621.6,32765.6,-66142.3,-67374.6,15575.2,-515.8,-4599.8,22111.4,68692.2,31856.7,-39308.3,-81550.2,-81303.7,-90524.6,-12603.5,5107.7,6480.3,4944.1,19986.8,-11550.5
八、综合收益总额,0.0,0.0,0.0,0.0,0.0,0.0,0.0,0.0,0.0,82236.8,129122.9,270430.5,20461.6,85820.3,137720.8,351788.1,14954.4,83402.7,91463.8,189290.6,17663.2,111660.7,-80879.3,-184624.1,35385.2,22940.6,14966.3,115437.4,75224.0,116985.3,170789.9,239412.6,85325.5,239175.9,287917.8,406792.6,39972.9,151460.8,357702.3,-141302.7,127145.5,276433.0,498098.1,570490.9,-570224.5,-867631.2,-812544.7,-785458.6,98327.1,187564.0,488274.8,582611.0,100901.7,220787.6
归属于母公司所有者的综合收益总额,0.0,0.0,0.0,0.0,0.0,0.0,0.0,0.0,0.0,73699.6,116351.4,248622.4,13953.9,74249.9,124703.3,330152.5,11282.5,76460.7,79729.7,169711.5,10620.3,95485.3,-101821.0,-210330.7,35082.3,20987.9,12078.8,105574.6,75285.8,112735.5,167383.7,226999.9,70662.6,194392.6,232481.1,298709.3,27983.7,148800.7,288126.9,-249507.5,116991.3,277969.7,423800.2,466712.6,-580019.9,-840366.3,-805164.9,-786931.8,74708.8,152252.8,417443.2,519445.8,97455.4,173821.7
归属于少数股东的综合收益总额,0.0,0.0,0.0,0.0,0.0,0.0,0.0,0.0,0.0,8537.2,12771.5,21808.1,6507.7,11570.4,13017.5,21635.6,3671.9,6942.0,11734.1,19579.1,7042.9,16175.4,20941.7,25706.6,302.9,1952.7,2887.5,9862.8,-61.8,4249.8,3406.2,12412.7,14662.9,44783.3,26423.5,66420.6,-509.0,2660.1,32080.9,58074.8,-2344.0,-1536.7,36803.4,53648.3,-1326.1,-27264.9,-39355.8,-40230.5,15022.7,18024.5,44758.2,28305.2,1822.7,45342.3
