报表日期,2007-06-30,2007-12-31,2008-03-31,2008-06-30,2008-09-30,2008-12-31,2009-03-31,2009-06-30,2009-09-30,2009-12-31,2010-03-31,2010-06-30,2010-09-30,2010-12-31,2011-03-31,2011-06-30,2011-09-30,2011-12-31,2012-03-31,2012-06-30,2012-09-30,2012-12-31,2013-03-31,2013-06-30,2013-09-30,2013-12-31,2014-03-31,2014-06-30,2014-09-30,2014-12-31,2015-03-31,2015-06-30,2015-09-30,2015-12-31,2016-03-31,2016-06-30,2016-09-30,2016-12-31,2017-03-31,2017-06-30,2017-09-30,2017-12-31,2018-03-31,2018-06-30,2018-09-30,2018-12-31,2019-03-31,2019-06-30,2019-09-30,2019-12-31,2020-03-31,2020-06-30,2020-09-30
一、营业总收入,2876190.62,4792057.02,1584596.14,3890015.67,5138781.95,6399208.71,1311741.94,3399507.93,5081478.12,6853384.92,2178764.19,5375957.49,8122404.27,10384795.48,3983140.53,8312561.95,11040055.19,13411615.42,2631046.68,5793272.72,8189914.77,10265111.1,3159914.77,6600663.3,9377881.86,12126518.0,3853325.64,7770821.84,10958893.77,14231096.7,4257442.54,8287507.04,11203385.49,13934712.4,3859950.1,7800751.6,11707794.9,15984170.1,5998861.9,12496361.6,18776443.5,24191889.6,7028750.9,14373591.6,20740471.3,26181963.5,7550042.6,15433264.3,22177406.4,27938050.6,5835591.5,13971927.8,21775315.0
营业收入,2876190.62,4792057.02,1584596.14,3890015.67,5138781.95,6399208.71,1311741.94,3399507.93,5081478.12,6853384.92,2178764.19,5375957.49,8122404.27,10384795.48,3983140.53,8312561.95,11040055.19,13404564.93,2628019.82,5782357.84,8173525.14,10259811.05,3156592.34,6593947.91,9374672.97,12097500.31,3835111.01,7733085.18,10908415.79,14166817.52,4242671.4,8250914.38,11137441.57,13844122.6,3834162.4,7752228.7,11637841.7,15904404.1,5975591.4,12445006.5,18694886.6,24071230.1,6973752.8,14262383.7,20575665.3,25966482.0,7520578.0,15377030.0,22091816.2,27821601.7,5801303.1,13906702.2,21676078.6
二、营业总成本,2738209.9,4596644.06,1527406.72,3701997.85,4900281.0,6167371.57,1263701.42,3190132.15,4802116.64,6456687.61,2135253.17,5131147.76,7826669.74,9886065.27,3890947.01,7973413.45,10580066.46,12749921.3,2471249.72,5404470.31,7640502.65,9619852.25,2959256.52,6126044.8,8708322.96,11348577.41,3461605.42,6901827.93,9843737.42,12971879.5,3887882.08,7363241.24,10058280.19,12652313.1,3388484.0,6681841.3,10249800.7,14380906.3,5528114.0,11396361.8,17234471.8,22473459.2,6394369.7,12834184.9,18595730.2,23763437.0,6796073.9,13621815.5,19685129.0,25131788.8,5324022.5,12465398.6,19493182.2
营业成本,2370882.47,3855284.05,1283757.9,3166401.92,4167527.67,5191074.26,1040320.75,2616775.89,3953744.95,5305735.06,1798321.88,4382950.54,6734925.09,8515851.74,3304438.91,6874261.38,9022966.74,10841875.53,2078751.04,4541027.96,6380220.03,7944903.59,2425542.91,5081856.38,7191964.57,9281806.31,2868993.93,5734328.33,8148147.94,10566968.65,3104158.08,5987890.57,8211245.14,10266281.8,2690618.8,5486616.0,8382802.7,11561543.7,4478285.9,9305108.1,13955948.9,18046055.2,5186917.4,10388143.8,14966473.0,18816455.7,5387785.8,10844128.9,15665274.5,19791392.8,4342830.0,10352365.7,16194346.1
营业税金及附加,2588.64,6915.12,1275.78,3104.14,5020.09,13757.67,2252.42,5077.6,8425.73,20240.69,9331.01,19903.51,23452.72,40615.13,17967.27,34562.19,60922.95,76109.44,10976.15,26525.74,42453.52,57791.31,13146.44,34487.17,48772.46,60993.26,21527.25,44682.78,62111.11,80959.62,32986.99,56863.58,73724.34,91133.0,27651.9,46776.2,66279.4,107711.9,36176.7,75477.1,107602.6,141642.8,40312.6,84765.0,122398.4,161756.6,48940.5,92859.0,129199.2,172061.6,28113.8,75484.5,115260.6
销售费用,248470.78,480212.76,159422.91,369898.42,494494.68,616653.87,148534.72,412972.69,632185.79,816098.09,234758.83,524572.39,767413.45,865094.86,377430.56,727281.52,1017041.73,1163002.09,223565.5,505307.41,760667.97,938986.85,314212.45,613425.26,906480.16,1243234.39,371041.78,762368.01,1076177.24,1473391.74,536307.74,898609.94,1159855.51,1479976.9,497707.1,818517.8,1234142.4,1767845.1,682022.3,1240477.0,1995415.0,2673867.3,746845.6,1689250.3,2439727.2,3108587.9,951363.4,1952982.2,2767787.8,3461123.1,565699.3,1263110.1,2017995.3
管理费用,78650.37,204024.95,52111.91,114239.33,173309.23,254326.39,53690.86,114116.03,164745.39,248469.58,68731.72,149701.6,241300.98,392508.2,136307.02,238107.81,350465.7,519847.87,140647.64,253539.6,368446.27,592578.08,162522.09,315797.86,476470.98,673345.63,162189.11,334932.44,508344.24,749825.51,160766.16,360475.71,549610.61,744175.5,166277.6,369005.9,598108.0,962077.7,317800.1,683295.8,1043015.7,1478023.6,375724.2,723452.0,562988.8,957163.9,197712.1,411012.5,622744.7,953136.1,200852.1,410214.9,629804.7
财务费用,17896.01,42216.0,17878.94,35314.38,55287.22,76601.2,13636.84,25377.81,37094.26,45445.36,10530.25,30576.57,45275.58,77767.52,28483.79,58946.42,98669.34,144906.57,7369.47,49612.25,69415.6,80704.78,23893.52,62136.29,63108.01,56422.05,-4413.93,-28855.37,-1169.86,25132.69,19578.3,-77.76,10087.49,13893.2,-28208.3,-90526.1,-91316.5,-100597.9,-18336.4,34661.4,85275.9,81594.9,9597.8,-98411.3,-172775.6,-182304.0,-48105.8,-143564.5,-211409.0,-223163.6,-26739.7,-85192.7,-146239.0
资产减值损失,19721.64,7991.19,12959.28,13039.66,4642.12,14958.19,5265.83,15812.13,5920.51,20698.84,13579.48,23443.15,14301.92,-5772.17,26319.46,40254.14,30000.0,4179.79,9939.92,28457.36,19299.26,4887.64,19939.11,18341.83,21526.79,12271.55,35377.66,35143.64,25703.52,34981.82,24160.47,27683.22,8784.4,476.6,21153.6,25181.0,21183.3,38081.2,22756.4,40609.7,25409.3,26911.2,19839.5,30008.7,23708.6,44786.4,1231.7,0.0,0.0,0.0,0.0,0.0,0.0
公允价值变动收益,372.99,5996.42,-1711.63,-5692.51,-5861.22,31901.31,82.31,-17666.81,-23343.87,-13230.7,-3884.94,-3545.33,4335.19,11922.23,5870.86,-1028.09,6772.45,5499.71,-2532.29,-12271.88,-16005.51,1775.29,11188.21,33131.99,39707.26,54626.6,-77607.51,-78835.37,-59863.78,-65279.05,15358.05,-21746.4,4576.61,8161.1,-23914.6,-52508.9,-48808.9,11737.6,-16851.5,-952.3,-4415.6,-2504.5,-11846.7,-61392.8,-88231.3,-81045.0,23091.5,34786.2,29910.7,136116.3,2057.0,24770.0,112364.4
投资收益,26745.41,71199.5,1784.8,1503.19,2682.08,18023.16,10243.33,21500.79,25582.3,-25809.41,6798.54,62083.28,58781.92,40264.16,13176.66,28424.98,43998.67,80221.52,10573.3,26919.65,37889.37,53451.82,14795.8,43747.56,63527.28,99797.9,27293.06,42644.71,83938.82,151112.22,52779.05,118120.49,159382.05,201126.9,25371.3,71408.2,118347.3,128596.1,72648.7,119945.2,179200.9,183022.1,31793.8,91262.4,127649.9,90732.6,-14697.7,1264.0,18313.9,16413.2,40970.9,108854.7,164687.9
其中:对联营企业和合营企业的投资收益,0.0,0.0,0.0,0.0,0.0,0.0,0.0,0.0,0.0,0.0,0.0,0.0,0.0,0.0,0.0,0.0,0.0,15732.43,0.0,0.0,0.0,4386.47,0.0,0.0,732.77,3726.54,1945.46,3497.74,4919.01,9473.91,1520.87,4312.65,7808.08,42074.4,8180.0,20074.2,29508.2,16590.4,8793.6,28713.4,39008.9,31001.6,7551.5,18724.5,27636.7,34932.1,10586.5,23259.6,36294.5,50622.5,13758.8,26113.6,39067.2
汇兑收益,0.0,0.0,0.0,0.0,0.0,0.0,0.0,0.0,0.0,0.0,0.0,0.0,0.0,0.0,0.0,0.0,0.0,0.0,0.0,0.0,0.0,0.0,0.0,0.0,0.0,0.0,0.0,0.0,0.0,0.0,0.0,0.0,0.0,0.0,0.0,0.0,0.0,0.0,0.0,0.0,0.0,0.0,0.0,0.0,0.0,0.0,0.0,0.0,0.0,0.0,0.0,0.0,0.0
三、营业利润,165099.11,272608.88,57262.59,183828.51,235321.81,281761.61,58366.17,213209.76,281599.92,357657.2,46424.63,303347.68,358851.64,550916.6,111241.04,366545.38,510759.85,747415.35,167837.97,403450.17,571295.98,700485.96,226642.25,551498.05,772793.45,932365.08,341405.78,832803.25,1139231.4,1345050.37,437697.56,1020639.89,1309063.96,1491687.3,472922.8,1137809.6,1527532.6,1743597.5,526545.1,1303615.3,1824307.0,2162785.4,675446.3,1630028.2,2277655.1,2556411.1,768377.2,1879953.1,2610831.6,2968309.2,550124.5,1637541.1,2587596.4
加:营业外收入,3957.08,22339.48,1442.1,7322.42,12531.17,23856.99,5128.58,10269.37,11697.14,55233.4,67380.85,73580.04,211770.25,269179.59,34359.06,49364.13,68413.38,94625.56,8287.97,28636.45,60805.17,92692.94,13074.77,35467.55,64115.84,100522.43,12209.92,55342.31,70647.07,105706.92,9416.9,65059.14,122438.38,170703.9,29267.6,90327.2,125877.8,181900.9,38785.6,99091.4,108919.8,46720.4,6055.4,15080.0,22696.4,43475.6,5702.2,15036.3,34307.5,61331.0,4613.4,10869.2,22357.6
减：营业外支出,2895.55,8271.77,2043.93,5022.3,7225.71,11425.79,1545.67,8122.28,12034.57,23469.94,3378.97,6919.32,15183.01,35873.15,1683.84,9696.95,11666.25,19097.56,2605.26,7237.33,9415.78,22227.8,4891.26,14776.23,19732.74,31710.31,8111.17,13311.2,22370.26,51688.83,4351.8,10041.64,18452.53,57255.8,2150.6,10379.9,19391.4,34038.1,6347.4,41994.3,49292.8,24028.4,2584.6,5650.9,7909.8,22580.9,2183.9,6037.9,9743.2,36728.8,1672.6,8803.2,15159.5
其中：非流动资产处置损失,0.0,5375.59,0.0,0.0,0.0,4303.33,0.0,0.0,0.0,16746.5,541.17,1978.1,3184.24,0.0,0.0,0.0,0.0,8804.61,0.0,0.0,0.0,13454.59,0.0,0.0,11284.53,19811.95,6218.24,9979.14,17512.72,27039.13,2631.21,7744.46,13844.71,28716.7,1253.7,3214.9,7313.6,17266.3,1588.9,3712.7,9323.9,0.0,0.0,0.0,0.0,0.0,0.0,0.0,0.0,0.0,0.0,0.0,0.0
四、利润总额,166160.64,286676.59,56660.76,186128.62,240627.28,294192.81,61949.08,215356.86,281262.49,389420.66,110426.51,370008.41,555438.88,784223.05,143916.27,406212.56,567506.97,822943.36,173520.67,424849.3,622685.37,770951.1,234825.77,572189.36,817176.54,1001177.2,345504.53,874834.35,1187508.22,1399068.46,442762.66,1075657.39,1413049.81,1605135.4,500039.8,1217756.9,1634019.0,1891460.3,558983.3,1360712.4,1883934.0,2185477.4,678917.1,1639457.3,2292441.7,2577305.8,771895.5,1888951.5,2635395.9,2992911.4,553065.3,1639607.1,2594794.5
减：所得税费用,14868.32,24986.59,5228.51,17255.29,26285.95,28352.11,4112.22,24899.54,38553.84,57965.78,17451.47,53016.98,89876.68,143595.18,25679.27,83622.79,124656.56,157756.02,34594.37,88023.5,124005.85,156862.13,40312.34,98005.27,141701.81,171427.56,59439.03,153071.55,203561.09,234435.59,77683.68,180800.63,230199.42,242669.9,83363.1,194667.1,258820.2,305269.1,90396.8,205905.3,273794.0,324358.4,114337.6,261488.2,383416.6,412263.9,117771.0,282959.2,399373.5,465197.0,72026.3,232906.1,375394.2
五、净利润,151292.32,261690.0,51432.25,168873.33,214341.33,265840.7,57836.85,190457.32,242708.65,331454.88,92975.04,316991.43,465562.2,640627.86,118236.99,322589.77,442850.41,665187.33,138926.3,336825.8,498679.52,614088.96,194513.43,474184.1,675474.73,829749.64,286065.5,721762.81,983947.12,1164632.87,365078.97,894856.76,1182850.39,1362465.5,416676.7,1023089.8,1375198.8,1586191.2,468586.5,1154807.1,1610140.0,1861119.0,564579.5,1377969.1,1909025.1,2165041.9,654124.5,1605992.3,2236022.4,2527714.4,481039.0,1406701.0,2219400.3
归属于母公司所有者的净利润,71559.39,143869.21,21099.0,78658.37,93797.43,149697.67,39516.15,94144.42,113224.79,161144.84,39043.46,170900.57,241914.45,370596.9,52005.98,154897.6,200649.06,347265.05,62022.53,174121.65,255782.27,325929.09,102153.54,264683.46,401803.44,531745.81,253884.91,661013.28,895295.63,1050222.03,334213.48,832412.26,1101210.27,1270672.5,390725.2,949649.3,1280799.3,1468435.7,435258.7,1081132.2,1499817.5,1728368.9,525623.1,1293684.6,1790023.9,2023077.9,612902.6,1518706.9,2131596.7,2421122.2,481097.7,1392829.5,2201830.1
少数股东损益,79732.93,117820.79,30333.25,90214.96,120543.9,116143.03,18320.7,96312.9,129483.86,170310.04,53931.58,146090.85,223647.75,270030.96,66231.01,167692.16,242201.36,317922.28,76903.78,162704.16,242897.26,288159.87,92359.89,209500.63,273671.29,298003.84,32180.59,60749.53,88651.49,114410.84,30865.49,62444.5,81640.13,91793.0,25951.5,73440.5,94399.5,117755.5,33327.8,73674.9,110322.5,132750.1,38956.4,84284.5,119001.2,141964.0,41221.9,87285.4,104425.7,106592.2,-58.7,13871.5,17570.2
基本每股收益(元/股),0.0,0.0,0.0,0.0,0.0,0.0,0.0,0.0,0.0,0.0,0.0,0.0,0.0,0.0,0.0,0.0,0.0,0.0,0.0,0.0,0.0,3.26,0.0,2.65,3.73,4.33,1.51,1.57,2.12,2.49,0.79,1.97,2.6,2.99,0.92,1.48,2.0,2.29,0.67,1.67,2.31,2.66,0.8,1.97,2.72,3.08,0.94,2.32,3.2,3.6,0.7,2.01,3.18
稀释每股收益(元/股),0.0,0.0,0.0,0.0,0.0,0.0,0.0,0.0,0.0,0.0,0.0,0.0,0.0,0.0,0.0,0.0,0.0,0.0,0.0,0.0,0.0,3.26,0.0,2.65,3.73,4.33,1.51,1.57,2.12,2.49,0.79,1.96,2.59,2.99,0.91,1.48,1.99,2.28,0.67,1.66,2.3,2.63,0.79,1.94,2.69,3.05,0.93,2.3,3.18,3.58,0.69,2.01,3.17
七、其他综合收益,0.0,0.0,0.0,0.0,0.0,0.0,0.0,0.0,0.0,0.0,0.0,0.0,0.0,0.0,0.0,0.0,0.0,-22863.64,0.0,0.0,0.0,-26993.77,0.0,0.0,-16988.77,-16740.13,-23456.43,-39120.62,-33854.67,-59646.48,-251.06,12352.55,-33508.33,-46946.3,64896.5,134726.2,53896.4,118821.5,-17964.4,2632.2,1319.0,-31062.8,13705.6,-58637.9,-59079.5,-121582.5,243.6,17215.3,13557.1,34804.0,-83434.1,-51072.2,-80268.4
八、综合收益总额,0.0,0.0,0.0,0.0,0.0,0.0,0.0,0.0,0.0,0.0,0.0,0.0,0.0,0.0,0.0,0.0,0.0,642323.7,0.0,0.0,0.0,587095.19,0.0,0.0,658485.97,813009.51,262609.07,682642.19,950092.45,1104986.39,364827.91,907209.31,1149342.07,1315519.2,481573.2,1157816.0,1429095.2,1705012.7,450622.1,1157439.3,1611459.0,1830056.2,578285.1,1319331.2,1849945.6,2043459.4,654368.1,1623207.6,2249579.5,2562518.4,397604.9,1355628.8,2139131.9
归属于母公司所有者的综合收益总额,0.0,0.0,0.0,0.0,0.0,0.0,0.0,0.0,0.0,0.0,0.0,0.0,0.0,0.0,0.0,0.0,0.0,321109.81,0.0,0.0,0.0,320863.69,0.0,0.0,398473.81,530926.03,227412.11,618586.94,864510.72,1000765.13,343520.86,853888.08,1084072.77,1240987.3,453729.0,1077320.7,1327324.7,1576863.3,416189.1,1082100.4,1500479.9,1702587.2,546961.7,1253695.9,1749298.4,1914331.8,616966.7,1532203.7,2145789.1,2449437.4,422754.8,1363232.1,2152562.6
归属于少数股东的综合收益总额,0.0,0.0,0.0,0.0,0.0,0.0,0.0,0.0,0.0,0.0,0.0,0.0,0.0,0.0,0.0,0.0,0.0,321213.89,0.0,0.0,0.0,266231.5,0.0,0.0,260012.15,282083.48,35196.96,64055.24,85581.73,104221.26,21307.05,53321.23,65269.29,74531.9,27844.2,80495.3,101770.5,128149.4,34433.0,75338.9,110979.1,127469.0,31323.4,65635.3,100647.2,129127.6,37401.4,91003.9,103790.4,113081.0,-25149.9,-7603.3,-13430.7
