报表日期,2007-03-31,2007-06-30,2007-09-30,2007-12-31,2008-03-31,2008-06-30,2008-09-30,2008-12-31,2009-03-31,2009-06-30,2009-09-30,2009-12-31,2010-03-31,2010-06-30,2010-09-30,2010-12-31,2011-03-31,2011-06-30,2011-09-30,2011-12-31,2012-03-31,2012-06-30,2012-09-30,2012-12-31,2013-03-31,2013-06-30,2013-09-30,2013-12-31,2014-03-31,2014-06-30,2014-09-30,2014-12-31,2015-03-31,2015-06-30,2015-09-30,2015-12-31,2016-03-31,2016-06-30,2016-09-30,2016-12-31,2017-03-31,2017-06-30,2017-09-30,2017-12-31,2018-03-31,2018-06-30,2018-09-30,2018-12-31,2019-03-31,2019-06-30,2019-09-30,2019-12-31,2020-03-31
一、营业总收入,38338.47,142683.17,256383.74,386041.42,69683.54,223187.39,343735.73,456873.39,61431.45,251936.82,483040.45,693772.88,126381.87,458036.29,800629.47,1106409.77,221461.0,714299.45,1203389.24,1572816.55,191488.04,638009.71,1109921.22,1461333.96,161314.36,655101.06,1153972.39,1571073.45,214038.46,707076.78,1198980.16,1566473.54,150909.12,511223.09,852139.15,1110824.78,144000.54,525949.17,907595.37,1233515.49,175861.21,654379.99,1139329.08,1528971.41,198767.13,782350.05,2211862.51,3084858.03,500829.25,1607814.48,2625357.86,3450703.2,309974.39
营业收入,38338.47,142683.17,256383.74,386041.42,69683.54,223187.39,343735.73,456873.39,61431.45,251936.82,483040.45,693772.88,126381.87,458036.29,800629.47,1106409.77,221461.0,714299.45,1203389.24,1572816.55,191488.04,638009.71,1109921.22,1461333.96,161314.36,655101.06,1153972.39,1571073.45,214038.46,707076.78,1198980.16,1566473.54,150909.12,511223.09,852139.15,1110824.78,144000.54,525949.17,907595.37,1233515.49,175861.21,654379.99,1139329.08,1528971.41,198767.13,782350.05,2211862.51,3084858.03,500829.25,1607814.48,2625357.86,3450703.2,309974.39
二、营业总成本,42487.94,132993.49,230012.93,350853.31,73028.05,210330.14,315039.79,430549.62,67033.16,229839.74,421655.2,619351.06,130754.28,404548.87,685174.96,965827.2,215739.42,615609.2,1034181.43,1410789.18,223755.56,643070.46,1114128.91,1501244.52,221461.19,695530.23,1173133.03,1596324.58,270248.19,755653.4,1243596.87,1659387.9,229499.44,657281.09,1044131.78,1389037.37,226243.96,622159.84,963374.25,1320327.48,223034.25,657190.76,1101827.16,1517364.95,259743.35,734702.72,1982521.15,2798888.51,503769.29,1346428.41,2145861.19,2891358.08,355503.38
营业成本,31756.19,105152.85,185048.75,282271.68,55640.49,169032.75,256948.45,326136.09,45715.34,172319.64,323906.6,473795.7,95867.37,318515.02,547370.78,755843.45,161310.86,484117.78,815187.64,1089803.29,154241.16,481459.12,842524.54,1115633.9,145237.66,513449.36,871667.21,1170762.44,189603.5,575864.5,953227.62,1238111.9,145256.06,454083.14,728557.49,940603.16,146545.61,453375.46,709314.46,935331.32,138260.65,466567.91,805541.65,1072920.94,146833.94,507527.77,1529090.81,2139787.69,335500.64,1006944.16,1636139.57,2171556.14,210240.38
营业税金及附加,242.22,1139.85,2359.67,3422.49,455.06,1786.22,3086.68,3989.06,322.99,1512.26,3229.59,4780.12,579.29,3213.46,5616.17,7478.09,726.89,4117.62,8257.13,10100.88,593.96,3348.48,6631.39,8833.36,421.85,3713.71,7511.9,9314.58,757.19,3209.27,6067.07,8198.94,715.24,3426.66,4757.6,6397.88,657.82,3151.34,5838.41,14731.95,3676.24,9758.6,16254.36,21556.24,5044.71,14963.5,34623.27,45971.13,10260.16,24572.61,39717.61,53584.17,7241.19
销售费用,3070.75,8465.8,13491.86,19896.12,4115.75,10533.47,15044.19,19965.01,4118.43,9930.14,17760.74,26425.01,6895.62,17017.85,28129.93,40351.76,8185.38,19728.76,33761.0,47886.05,10329.6,25619.42,43164.15,57817.46,11792.17,30280.92,51557.57,68679.01,7967.4,16270.44,28527.6,41923.13,7253.67,17487.96,28775.85,40540.53,7279.81,18971.77,32130.12,45483.54,8494.47,27360.25,45270.71,61916.05,10304.06,25886.53,74283.88,108248.13,22686.64,59205.59,89978.5,125375.47,20395.63
管理费用,3709.73,9141.22,14838.42,24324.4,6739.01,14550.64,20711.94,52616.02,12881.73,32609.72,53046.63,84775.73,17047.01,40715.79,66716.17,106198.32,28029.29,65176.41,109473.67,168516.55,34473.68,76033.94,130912.42,191013.81,35330.83,80007.88,137968.11,197616.02,39923.16,88763.94,147069.71,216195.69,44793.12,109174.13,171971.36,230014.54,40480.68,83331.99,122017.65,167413.86,45243.23,92739.14,144224.83,239605.71,70255.73,130671.14,239258.48,355236.44,101097.69,185089.62,279048.18,415638.51,89432.81
财务费用,3709.05,8613.77,13584.23,20091.41,6077.75,14269.22,19003.23,25070.04,4026.67,12829.89,22022.98,27184.52,10381.13,22786.5,36665.88,54084.15,17525.67,40135.0,64659.17,89278.6,24346.39,54586.12,87949.3,121555.14,29022.45,67103.19,102449.08,141350.94,33216.84,70471.38,107989.81,151972.53,33067.25,71155.13,107116.78,143409.67,31993.29,61835.89,92555.4,125015.25,27352.19,59211.73,88086.94,118041.68,28393.4,57637.23,94580.2,126969.97,31737.07,64191.51,90953.44,118015.86,25736.03
研发费用,0.0,0.0,0.0,0.0,0.0,0.0,0.0,0.0,0.0,0.0,0.0,0.0,0.0,0.0,0.0,0.0,0.0,0.0,0.0,0.0,0.0,0.0,0.0,0.0,0.0,0.0,0.0,0.0,0.0,0.0,0.0,0.0,0.0,0.0,0.0,0.0,0.0,0.0,0.0,0.0,0.0,0.0,0.0,0.0,0.0,0.0,4756.45,4495.09,3118.27,6424.92,10023.89,7187.91,2457.33
资产减值损失,0.0,480.0,690.0,847.2,0.0,157.85,245.31,2773.4,-32.0,638.09,1688.66,2389.99,-16.15,2300.24,676.03,1871.43,-38.67,2333.64,2842.82,5203.81,-229.23,2023.39,2947.1,6390.86,-343.76,975.17,1979.17,8601.58,-1219.9,1073.88,715.07,2985.71,-1585.91,1954.05,2952.71,28071.59,-713.25,1493.4,1518.21,32351.55,7.48,1553.13,2448.66,3324.33,-1088.48,-1983.45,3149.02,10260.46,58.66,0.0,0.0,0.0,0.0
公允价值变动收益,0.0,0.0,0.0,0.0,0.0,0.0,0.0,0.0,0.0,0.0,0.0,0.0,0.0,0.0,0.0,0.0,0.0,0.0,0.0,0.0,0.0,0.0,0.0,791.48,-235.11,-2324.57,-2184.82,-2268.8,-314.92,-503.88,2120.49,7453.2,4744.85,19622.65,-45873.55,-15700.05,-14157.24,-20306.34,-12000.12,-12680.32,4561.39,-13818.34,124.12,19925.74,-173.7,-173.7,-727.66,4139.57,971.78,1079.53,1079.53,2338.82,0.0
投资收益,706.11,3051.9,5104.13,1289.83,80.12,460.24,5728.07,13760.51,3906.12,16265.04,29123.06,39153.58,5154.3,14481.26,23404.08,33059.95,-1452.01,4717.18,10942.38,12764.14,-3565.17,8967.29,18629.8,23855.35,-1282.12,6602.51,15033.33,24730.55,-8283.07,-1076.35,2583.12,1590.78,-11388.37,128858.04,125183.79,95113.6,-8830.84,-6987.44,-2728.78,55764.4,-4891.72,-97.65,-1466.54,-20099.27,-4294.94,9622.49,21099.0,6424.25,4504.36,19623.7,27858.24,34596.76,-2069.31
其中:对联营企业和合营企业的投资收益,0.0,0.0,0.0,1187.37,0.0,0.0,5728.07,13760.51,3906.12,16265.04,29123.06,39157.49,5154.3,14481.26,23404.08,29812.31,-2585.99,3138.67,8961.29,12243.35,-3565.17,8967.29,18629.8,23223.28,-4881.73,6399.55,14830.46,24293.72,-8283.07,-1076.35,2373.17,1374.47,-11399.35,-13244.13,-16920.95,-41593.34,-8830.84,-6987.44,-1841.62,-4962.83,-4891.72,-34.02,6444.44,7201.01,-4297.99,9619.44,19796.75,10190.85,4636.72,20692.36,28924.23,35181.12,-2069.31
汇兑收益,0.0,0.0,0.0,0.0,0.0,0.0,0.0,0.0,0.0,0.0,0.0,0.0,0.0,0.0,0.0,0.0,0.0,0.0,0.0,0.0,0.0,0.0,0.0,0.0,0.0,0.0,0.0,0.0,0.0,0.0,0.0,0.0,0.0,0.0,0.0,0.0,0.0,0.0,0.0,0.0,0.0,0.0,0.0,0.0,0.0,0.0,0.0,0.0,0.0,0.0,0.0,0.0,0.0
三、营业利润,-3443.36,12741.59,31474.94,36477.94,-3264.39,13317.49,34424.01,40084.28,-1695.59,38362.12,90508.31,113575.39,781.89,67968.69,138858.59,173642.52,4269.57,103407.43,180150.19,174791.51,-35832.68,3906.54,14422.11,-15263.72,-61664.07,-36151.23,-6312.14,-2789.38,-64807.72,-50156.85,-39913.11,-83870.38,-85233.84,2422.69,-112682.39,-198799.03,-105231.5,-123504.45,-70507.78,-43727.92,-47503.37,-8047.66,53940.87,37730.17,-62398.47,67758.87,288082.62,343591.4,15242.77,312070.55,538678.22,630707.69,-43801.68
加:营业外收入,2035.95,5390.15,9871.92,15375.66,1448.38,7918.97,10239.61,22309.78,651.31,2204.18,7558.8,20525.22,3582.67,7561.6,16343.11,30450.07,637.64,6534.85,22043.01,45900.47,1495.54,8848.72,14299.67,40522.67,3883.28,9781.99,23984.7,48749.62,3139.91,17429.46,27821.25,70508.37,800.16,7081.14,16859.21,27646.82,3543.54,9381.33,18960.63,66088.82,2511.7,3020.97,3788.45,2353.98,340.62,692.28,2445.54,3736.01,534.99,1720.51,5157.08,11177.71,1597.64
减：营业外支出,50.67,236.48,356.18,1232.87,110.2,402.94,515.34,3797.37,47.09,548.48,1652.15,6056.95,266.39,1225.61,2303.7,5135.18,301.82,1619.79,3102.18,9081.53,374.54,1111.66,1933.64,2526.96,68.28,295.78,1124.6,1521.56,3111.73,2224.85,2593.12,4553.57,409.73,1377.37,2051.73,2413.35,341.38,697.8,1237.66,2476.45,103.27,498.2,741.1,3932.21,190.03,380.01,3276.26,5727.05,355.78,986.22,7584.03,16483.62,684.78
其中：非流动资产处置损失,0.0,0.0,0.0,745.24,25.42,71.56,73.37,1537.67,22.64,344.28,1053.85,4618.9,28.11,58.95,225.86,2950.18,102.66,941.89,2062.39,5642.82,262.03,278.37,615.89,951.87,7.83,44.36,766.1,817.08,37.43,201.17,430.21,562.52,409.73,369.32,750.58,1098.62,106.43,135.84,154.89,280.31,24.19,275.26,275.9,0.0,0.0,0.0,0.0,0.0,0.0,0.0,0.0,0.0,0.0
四、利润总额,-1458.08,17895.26,40990.68,50620.73,-1926.21,20833.53,44148.27,58596.69,-1091.37,40017.82,96414.97,128043.66,4098.17,74304.68,152898.0,198957.4,4605.38,108322.49,199091.02,211610.45,-34711.69,11643.6,26788.14,22731.99,-57849.07,-26665.02,16547.96,44438.69,-64779.54,-34952.25,-14684.98,-17915.58,-84843.41,8126.46,-97874.91,-173565.57,-102029.35,-114820.92,-52784.8,19884.45,-45094.94,-5524.89,56988.22,36151.94,-62247.88,68071.14,287251.91,341600.36,15421.97,312804.84,536251.27,625401.77,-42888.82
减：所得税费用,70.81,1100.11,3854.08,8532.27,149.8,2983.25,4246.81,6411.88,914.56,6345.49,16567.12,21599.91,1345.2,14474.3,30474.07,42107.47,4246.57,24811.54,46807.91,53446.16,-5513.04,2973.89,5519.17,8933.79,-10783.02,-2492.73,8538.47,24566.29,-11077.02,-2015.06,4852.18,9832.47,-12911.63,13265.05,-7652.57,41468.84,-13465.77,-12027.02,611.6,22249.79,-3903.16,3929.23,19124.25,23038.57,-7713.92,12528.24,61490.26,85638.15,4632.44,58617.78,104074.04,134939.31,-3607.76
五、净利润,-1528.89,16795.15,37136.6,42088.46,-2076.01,17850.28,39901.46,52184.81,-2005.93,33672.33,79847.85,106443.75,2752.97,59830.39,122423.93,156849.94,358.81,83510.95,152283.11,158164.29,-29198.65,8669.71,21268.97,13798.2,-47066.04,-24172.29,8009.49,19872.4,-53702.52,-32937.18,-19537.16,-27748.06,-71931.78,-5138.59,-90222.34,-215034.41,-88563.58,-102793.9,-53396.41,-2365.34,-41191.78,-9454.12,37863.97,13113.38,-54533.97,55542.9,225761.65,255962.21,10789.53,254187.06,432177.23,490462.46,-39281.06
归属于母公司所有者的净利润,-1512.02,14753.66,32499.1,36775.64,-1921.76,15434.14,33930.17,44603.36,-1703.32,30551.25,73282.28,98386.79,3013.63,54215.89,109751.2,139817.5,-1127.1,74828.67,142047.47,152541.04,-23734.9,11184.16,24065.75,18019.27,-40121.21,-16644.31,17569.11,34445.0,-42651.52,-17514.98,2074.1,3470.76,-59952.44,19757.09,-60386.35,-171521.94,-80505.08,-92769.4,-45232.91,5288.55,-36891.67,-11074.23,31920.01,11038.33,-48631.72,51580.98,141459.51,148322.87,4490.65,147962.89,246997.02,270058.78,-28097.27
少数股东损益,-16.87,2041.49,4637.5,5312.82,-154.25,2416.14,5971.29,7581.46,-302.61,3121.08,6565.57,8056.96,-260.66,5614.5,12672.73,17032.43,1485.91,8682.28,10235.64,5623.25,-5463.75,-2514.46,-2796.78,-4221.06,-6944.83,-7527.97,-9559.62,-14572.6,-11051.0,-15422.2,-21611.26,-31218.81,-11979.34,-24895.68,-29835.99,-43512.47,-8058.5,-10024.5,-8163.49,-7653.89,-4300.11,1620.11,5943.95,2075.04,-5902.24,3961.92,84302.14,107639.34,6298.89,106224.17,185180.21,220403.68,-11183.79
基本每股收益(元/股),-0.016,0.1532,0.3376,0.382,-0.02,0.1558,0.3187,0.41,-0.014,0.2519,0.6043,0.8113,0.025,0.447,0.905,1.153,-0.009,0.617,1.1713,1.235,-0.176,0.083,0.179,0.134,-0.298,-0.124,0.13,0.256,-0.317,-0.13,0.015,0.026,-0.445,0.147,-0.448,-1.273,-0.5974,-0.688,-0.336,0.039,-0.2738,-0.082,0.237,0.082,-0.3609,0.3828,1.05,1.101,0.033,1.0223,1.719,1.853,-0.246
稀释每股收益(元/股),-0.016,0.1532,0.3376,0.382,-0.02,0.1558,0.3187,0.41,-0.014,0.2519,0.6043,0.8113,0.025,0.447,0.905,1.153,-0.009,0.617,1.1713,1.235,-0.176,0.083,0.179,0.134,-0.298,-0.124,0.13,0.256,-0.317,-0.13,0.015,0.026,-0.445,0.147,-0.448,-1.273,-0.5974,-0.688,-0.336,0.039,-0.2738,-0.082,0.237,0.082,-0.3609,0.3828,1.05,1.101,0.033,1.0223,1.719,1.853,-0.246
七、其他综合收益,0.0,0.0,0.0,0.0,0.0,0.0,0.0,0.0,0.0,0.0,0.0,0.0,0.0,0.0,0.0,0.0,0.0,0.0,0.0,0.0,0.0,0.0,0.0,0.0,0.0,4180.15,4180.15,0.0,0.0,0.0,-47.33,-48.4,-1.1,69644.35,19849.69,25157.66,-14282.53,-19835.28,-17883.15,-14315.89,4395.25,-3085.0,567.34,-1638.17,-5006.35,-17016.34,-18105.65,-16008.3,4479.25,-443.79,-2682.39,-1036.34,-909.12
八、综合收益总额,0.0,0.0,0.0,0.0,0.0,0.0,0.0,0.0,0.0,0.0,79847.85,106443.75,2752.97,59830.39,122423.93,156849.94,358.81,83510.95,152283.11,158164.29,-29198.65,8669.71,21268.97,13798.2,-47066.04,-19992.14,12189.64,19872.4,-53702.52,-32937.18,-19584.49,-27796.46,-71932.88,64505.76,-70372.65,-189876.75,-102846.11,-122629.18,-71279.55,-16681.23,-36796.52,-12539.11,38431.31,11475.21,-59540.32,38526.56,207656.0,239953.9,15268.79,253743.27,429494.85,489426.12,-40190.18
归属于母公司所有者的综合收益总额,0.0,0.0,0.0,0.0,0.0,0.0,0.0,0.0,0.0,0.0,73282.28,98386.79,3013.63,54215.89,109751.2,139817.5,-1127.1,74828.67,142047.47,152541.04,-23734.9,11184.16,24065.75,18019.27,-40121.21,-12464.17,21749.25,34445.0,-42651.52,-17514.98,2026.77,3422.36,-59953.54,89401.44,-40536.66,-146364.27,-94787.61,-112604.68,-63116.06,-9027.34,-32496.42,-14159.22,32487.36,9400.17,-53638.08,34564.64,123353.86,132270.66,8969.9,147519.1,244314.64,269041.88,-29006.39
归属于少数股东的综合收益总额,0.0,0.0,0.0,0.0,0.0,0.0,0.0,0.0,0.0,0.0,6565.57,8056.96,-260.66,5614.5,12672.73,17032.43,1485.91,8682.28,10235.64,5623.25,-5463.75,-2514.46,-2796.78,-4221.06,-6944.83,-7527.97,-9559.62,-14572.6,-11051.0,-15422.2,-21611.26,-31218.81,-11979.34,-24895.68,-29835.99,-43512.47,-8058.5,-10024.5,-8163.49,-7653.89,-4300.11,1620.11,5943.95,2075.04,-5902.24,3961.92,84302.14,107683.24,6298.89,106224.17,185180.21,220384.24,-11183.79
