报表日期,2007-03-31,2007-06-30,2007-09-30,2007-12-31,2008-03-31,2008-06-30,2008-09-30,2008-12-31,2009-03-31,2009-06-30,2009-09-30,2009-12-31,2010-03-31,2010-06-30,2010-09-30,2010-12-31,2011-03-31,2011-06-30,2011-09-30,2011-12-31,2012-03-31,2012-06-30,2012-09-30,2012-12-31,2013-03-31,2013-06-30,2013-09-30,2013-12-31,2014-03-31,2014-06-30,2014-09-30,2014-12-31,2015-03-31,2015-06-30,2015-09-30,2015-12-31,2016-03-31,2016-06-30,2016-09-30,2016-12-31,2017-03-31,2017-06-30,2017-09-30,2017-12-31,2018-03-31,2018-06-30,2018-09-30,2018-12-31,2019-03-31,2019-06-30,2019-09-30,2019-12-31,2020-03-31,2020-06-30,2020-09-30,2020-12-31,2021-03-31,2021-06-30,2021-09-30,2021-12-31,2022-03-31,2022-06-30,2022-09-30,2022-12-31
一、营业总收入,39084.42,81507.03,125250.53,174810.84,52448.98,110894.68,158273.12,205864.06,54065.32,120970.69,188095.14,259584.71,64927.21,132276.96,200143.02,272671.89,74938.5,147143.75,226384.27,316291.53,89286.27,188499.72,290901.43,394352.53,105564.05,216226.18,323335.95,461868.0,122785.47,262847.43,412018.5,554423.38,155289.71,311540.37,488673.8,662051.65,174557.4,378429.97,572385.01,765177.53,212603.27,427475.84,652174.48,853096.86,236912.35,456470.35,684143.59,886065.57,260755.13,493906.56,729489.46,938469.58,250472.62,509523.83,792552.62,1052040.98,334981.41,623553.1,936926.48,1206386.33,347902.75,630256.52,948825.34,1262957.9
营业收入,39084.42,81507.03,125250.53,174810.84,52448.98,110894.68,158273.12,205864.06,54065.32,120970.69,188095.14,259584.71,64927.21,132276.96,200143.02,272671.89,74938.5,147143.75,226384.27,316291.53,89286.27,188499.72,290901.43,394352.53,105564.05,216226.18,323335.95,461868.0,122785.47,262847.43,412018.5,554423.38,155289.71,311540.37,488673.8,662051.65,174557.4,378429.97,572385.01,765177.53,212603.27,427475.84,652174.48,853096.86,236912.35,456470.35,684143.59,886065.57,260755.13,493906.56,729489.46,938469.58,250472.62,509523.83,792552.62,1052040.98,334981.41,623553.1,936926.48,1206386.33,347902.75,630256.52,948825.34,1262957.9
二、营业总成本,31328.74,68470.62,105028.0,147048.29,43283.57,91898.49,132096.35,174364.44,43344.54,96806.86,151270.32,208288.27,50361.87,103089.15,160062.47,221980.53,60595.85,120958.25,190695.29,272060.12,75957.61,160677.49,249375.82,344529.07,89358.77,185558.32,278522.07,403142.62,107517.99,228940.04,364453.33,496300.98,136689.31,274210.92,433782.65,593431.15,150402.19,332236.75,503437.01,677570.52,181242.57,368690.23,566143.81,749009.99,200753.77,383708.8,580389.58,762585.21,216051.14,402316.61,594967.19,773514.41,194599.86,371809.01,604772.0,831794.94,267679.63,501318.38,764714.32,1001423.38,277139.67,497653.61,756022.53,1030976.26
营业成本,20302.09,46229.15,70540.1,97362.07,30753.47,62876.03,87595.14,111631.76,25910.72,55815.89,88356.06,123198.61,31729.36,63576.41,96087.69,128648.49,36182.44,67709.34,101855.29,139793.72,35334.64,74875.24,114468.49,156968.81,39801.56,80883.91,116452.46,169461.51,48603.09,99803.86,157345.5,214291.1,59187.29,120960.47,188795.15,257533.05,62334.98,135531.55,202585.78,274778.84,73089.27,150321.55,227183.82,308308.1,84414.84,170843.88,255615.46,335965.51,91279.08,173458.16,257523.01,339172.83,88013.84,173384.14,268321.28,367371.08,112287.36,212511.27,320347.22,425308.75,117762.71,219180.41,327252.76,446128.31
营业税金及附加,74.42,181.98,278.32,406.57,82.84,229.14,343.55,446.46,125.25,298.77,439.31,572.91,106.12,302.76,521.13,885.79,835.11,1833.2,2830.0,4073.04,1175.74,2427.6,4044.21,5454.54,1284.37,2721.93,4137.53,5852.21,1429.28,3156.91,5049.46,6919.23,1850.81,3622.73,5830.3,8100.85,2472.29,4886.26,7211.11,12035.23,3288.1,6374.25,10180.75,12903.03,3860.4,6388.27,9363.7,11845.43,3463.69,6070.63,8601.14,10875.74,2770.17,5825.75,9249.96,12362.32,4038.17,7096.84,10756.14,13742.91,3746.22,6727.45,10603.08,14646.86
销售费用,5718.59,11476.33,18401.24,26486.63,7691.24,17771.77,27595.79,37727.68,11244.95,26068.03,41242.29,54625.35,13396.08,28520.01,45897.33,64804.63,17443.64,38390.94,65848.92,97089.13,32010.3,67402.35,106261.21,144165.42,39427.57,82511.98,127418.04,181074.74,45465.97,102101.38,161857.63,220821.87,59805.63,116932.75,187623.52,254167.51,70286.96,150146.33,231578.12,307037.09,85433.78,168460.5,259841.46,326516.97,90410.44,167968.01,254160.55,326727.95,93943.5,179684.63,255620.77,309321.98,78084.78,141480.72,231409.18,307586.88,113488.96,204517.01,308666.17,388387.45,110652.18,190357.59,290229.24,388739.21
管理费用,4250.48,8942.01,13423.37,19461.43,4319.96,9057.87,14079.25,19776.73,4821.87,11117.81,16663.64,23672.68,4572.75,9918.92,16466.63,26588.97,5785.18,12956.73,20410.87,29763.01,7341.78,15763.67,23984.88,35103.12,8880.19,18917.12,29665.77,43729.31,9591.7,19193.75,32948.27,46452.28,13276.46,27821.86,44498.72,60630.2,14324.1,32944.76,50562.43,72460.35,18647.4,40051.68,63035.09,93397.15,22744.72,25114.06,37995.48,54637.55,12772.69,25521.18,40273.22,62934.61,14579.23,29415.06,45829.01,66429.01,17050.25,29007.75,48745.7,66418.12,19938.34,35487.28,55479.45,65685.75
财务费用,496.41,1019.78,1721.89,1711.38,-61.24,510.48,1311.14,2651.61,757.93,1066.32,1161.75,1319.69,127.29,76.95,49.57,-42.49,-136.55,-525.91,-1328.84,-2072.36,-488.52,-1105.94,-1186.08,-1712.21,-353.5,-1079.68,-1094.87,-1507.67,1019.26,1273.95,1443.28,2063.16,1217.58,1943.47,2787.83,2720.4,509.68,869.41,1539.92,541.15,-2.79,25.97,-982.24,-3900.78,-1951.91,-11383.83,-14966.24,-25195.25,17.97,-11263.96,-15258.25,-22079.92,-2236.83,-8940.27,-8462.19,-10363.88,-2333.66,-2501.38,-2429.19,-7004.08,-3792.85,-9551.11,-25416.68,-26876.12
资产减值损失,486.75,621.37,663.09,1620.21,497.3,1453.2,1171.47,2130.19,483.82,2440.04,3407.26,4899.03,430.27,694.08,1040.12,1095.13,486.04,593.95,1079.06,3413.59,583.68,1314.56,1803.11,4549.39,318.57,1603.06,1943.14,4532.53,1408.69,3410.19,5809.19,5753.34,1351.54,2929.64,4247.13,10279.15,474.18,7858.44,9959.65,10717.86,786.8,3456.27,6884.93,11785.51,1275.28,2782.38,5203.84,6776.85,239.33,0.0,0.0,0.0,0.0,0.0,0.0,0.0,0.0,0.0,0.0,0.0,0.0,0.0,0.0,0.0
公允价值变动收益,4709.23,2682.55,11733.76,11345.53,-5383.38,-15397.26,-22767.49,-27204.39,10991.17,13361.1,12619.78,13434.24,339.84,-215.14,504.83,1078.02,154.15,4.39,-1532.99,-1108.38,497.19,211.45,480.02,1638.17,100.61,-124.23,-352.88,-123.64,-56.17,-86.85,-185.01,-493.93,28.75,60.31,-127.97,-18.23,-12.81,-41.69,-82.7,-93.04,124.86,73.39,189.53,281.23,292.63,-1690.59,-3376.23,-241.03,392.49,-545.6,-915.35,132.85,-1074.77,-455.18,503.51,880.67,-3663.11,3479.59,-1617.88,-2302.72,-5350.27,-8877.8,-7827.29,-7527.4
投资收益,2940.53,11894.7,21535.77,22267.5,3305.91,5657.54,5819.58,5665.13,-7580.58,-7430.12,-6699.81,-6402.91,15.52,-38.5,-108.53,-127.89,-69.3,-65.46,114.3,-148.55,34.71,173.15,166.85,413.66,216.27,308.7,381.06,453.95,140.93,666.43,676.11,822.38,133.46,347.19,689.61,677.64,257.15,168.42,172.56,134.06,330.01,508.44,428699.95,429709.93,6.87,85.43,-208.8,-4244.59,-146.82,-384.21,-1398.03,-1959.78,-107.47,11265.26,12067.51,14762.83,1683.36,3510.33,6865.39,8962.5,2179.52,3664.21,3962.55,4411.16
其中:对联营企业和合营企业的投资收益,-33.76,-130.3,-256.21,-381.47,-94.7,-188.68,-301.72,-165.91,-162.83,-107.23,-194.32,-361.16,-77.87,-200.79,-288.17,-246.87,-71.26,-147.27,-264.54,-271.74,-21.78,14.19,115.97,243.22,96.34,170.89,207.05,280.37,140.93,295.68,305.37,478.17,133.46,304.39,641.81,613.66,209.92,104.67,1.22,-37.38,-78.62,58.5,311.14,148.83,-18.82,123.82,-146.33,-618.66,-403.25,-638.81,-641.14,-1068.61,-350.82,-470.28,-627.28,190.73,-350.68,596.36,2335.28,3906.39,1507.87,3718.21,5110.28,6120.17
汇兑收益,0.0,0.0,0.0,0.0,0.0,0.0,0.0,0.0,0.0,0.0,0.0,0.0,0.0,0.0,0.0,0.0,0.0,0.0,0.0,0.0,0.0,0.0,0.0,0.0,0.0,0.0,0.0,0.0,0.0,0.0,0.0,0.0,0.0,0.0,0.0,0.0,0.0,0.0,0.0,0.0,0.0,0.0,0.0,0.0,0.0,0.0,0.0,0.0,0.0,0.0,0.0,0.0,0.0,0.0,0.0,0.0,0.0,0.0,0.0,0.0,0.0,0.0,0.0,0.0
三、营业利润,15405.43,27613.66,53492.05,61375.58,7087.93,9256.47,9228.86,9960.36,14131.36,30094.81,42744.79,58327.77,14920.71,28934.17,40476.85,51641.49,14427.5,26124.43,34270.28,42974.48,13860.57,28206.82,42172.49,51875.28,16522.17,30852.32,44842.06,59055.69,15352.24,34486.98,48056.26,58450.85,18762.6,37736.95,55452.79,69279.91,24399.56,46319.94,69037.86,87648.03,31815.56,60319.91,515959.12,565780.81,38297.8,75087.87,106373.59,127449.55,46213.69,92091.51,133489.14,172985.31,55377.98,156955.92,215315.19,250044.92,70036.88,137209.32,187492.4,226699.0,72350.03,132515.18,187260.6,235055.56
加:营业外收入,54.89,420.02,620.59,799.17,212.08,268.09,558.5,1109.36,75.75,268.45,394.83,995.58,345.98,1054.76,1174.51,2116.73,1169.02,2225.1,2750.4,3618.23,261.29,1256.01,1594.54,4426.79,729.1,1503.88,3063.11,4310.84,2030.33,2340.6,6140.28,7011.34,6419.19,7835.52,10750.33,13068.69,5071.64,6009.34,9990.5,13602.92,4365.2,7287.76,36153.23,9191.26,5850.1,7638.89,18014.18,17689.85,5887.28,7103.85,7357.68,1148.35,51.71,90.49,343.53,819.22,629.72,379.48,450.81,688.51,188.24,339.88,370.34,701.52
减：营业外支出,18.66,76.34,199.7,176.87,21.56,282.2,355.29,504.32,10.72,121.09,257.98,381.54,73.21,148.56,236.74,391.49,6.75,25.41,211.99,277.58,12.05,22.44,191.3,270.79,13.4,146.24,174.16,472.49,7.38,105.85,133.0,259.69,505.31,615.56,677.6,1556.47,40.85,287.11,318.22,744.83,371.88,1143.64,1975.68,2479.79,175.71,946.11,1014.74,3471.97,128.43,400.35,788.75,1379.42,916.68,1281.6,1490.42,1920.57,281.74,472.2,1110.6,2818.63,159.18,597.81,1049.3,2702.02
其中：非流动资产处置损失,4.8,19.09,71.39,72.65,3.26,49.38,56.66,189.76,1.01,79.13,148.45,130.18,38.45,49.87,54.83,83.48,0.16,6.0,16.2,16.13,11.27,20.0,171.24,108.17,5.38,0.46,37.85,17.97,2.2,84.01,84.1,135.43,505.04,488.98,504.75,600.91,14.25,21.74,33.18,159.26,33.16,767.06,602.78,151.88,21.77,0.0,0.0,0.0,0.0,0.0,0.0,0.0,0.0,0.0,0.0,0.0,0.0,0.0,0.0,0.0,0.0,0.0,0.0,0.0
四、利润总额,15441.66,27957.34,53912.94,61997.88,7278.45,9242.36,9432.07,10565.41,14196.39,30242.16,42881.64,58941.81,15193.48,29840.38,41414.62,53366.73,15589.76,28324.12,36808.69,46315.12,14109.81,29440.39,43575.73,56031.27,17237.86,32209.96,47731.02,62894.05,17375.19,36721.72,54063.55,65202.5,24676.49,44956.91,65525.52,80792.13,29430.35,52042.18,78710.14,100506.12,35808.89,66464.02,550136.67,572492.28,43972.19,81780.64,123373.04,141667.44,51972.53,98795.02,140058.07,172754.24,54513.02,155764.81,214168.3,248943.57,70384.85,137116.6,186832.61,224568.88,72379.09,132257.25,186581.64,233055.06
减：所得税费用,2180.56,4084.34,7849.79,9659.79,1694.33,2241.27,2691.93,3274.68,1852.04,3895.87,5480.18,7562.38,1793.5,4060.36,6080.67,8117.73,2294.93,4700.09,6674.44,7535.28,1915.63,4767.2,7071.66,8508.96,2358.37,5242.4,7865.5,10495.39,2475.52,5608.01,8904.96,9840.29,4372.29,7706.61,11360.71,14835.79,4634.11,9295.5,13422.82,17514.57,5920.99,11424.85,119541.24,123722.04,7292.4,14210.09,20528.12,23495.96,7901.39,15342.43,22567.85,26596.48,8251.42,22691.95,31526.73,35810.9,10609.61,19138.46,25580.3,29358.77,11266.71,20507.01,30548.54,37501.04
五、净利润,13261.09,23873.0,46063.15,52338.09,5584.12,7001.09,6740.14,7290.73,12344.34,26346.29,37401.46,51379.42,13399.98,25780.02,35333.95,45249.0,13294.83,23624.03,30134.25,38779.84,12194.18,24673.19,36504.07,47522.31,14879.49,26967.56,39865.52,52398.65,14899.67,31113.71,45158.59,55362.22,20304.2,37250.31,54164.81,65956.34,24796.24,42746.67,65287.32,82991.55,29887.9,55039.17,430595.42,448770.24,36679.79,67570.55,102844.92,118171.47,44071.14,83452.58,117490.22,146157.76,46261.6,133072.86,182641.56,213132.67,59775.24,117978.14,161252.3,195210.12,61112.38,111750.25,156033.1,195554.02
归属于母公司所有者的净利润,13016.6,23237.58,44998.48,50845.11,5159.81,6109.57,5348.42,5207.32,11672.0,24785.49,34964.23,48157.82,12662.44,24148.02,32874.29,41818.08,12581.54,22086.17,28085.35,35936.99,11729.12,22870.5,34363.09,44167.15,14673.94,25931.04,37873.5,48750.24,14335.08,29093.41,42330.92,51597.84,18265.04,34084.34,49545.2,62264.1,23011.19,40906.18,61477.4,78435.36,27501.11,50400.25,424624.19,442868.46,34736.39,63335.43,94010.47,108217.49,39277.49,73894.78,103983.76,130287.54,39935.92,100474.36,142154.75,171491.04,51965.11,106247.59,145273.04,177568.33,55329.38,101754.58,150680.01,190939.17
少数股东损益,244.49,635.42,1064.67,1492.99,424.31,891.52,1391.72,2083.42,672.34,1560.8,2437.23,3221.6,737.53,1631.99,2459.66,3430.92,713.29,1537.86,2048.9,2842.85,465.06,1802.69,2140.99,3355.16,205.55,1036.52,1992.02,3648.42,564.59,2020.3,2827.67,3764.37,2039.16,3165.97,4619.6,3692.23,1785.05,1840.49,3809.92,4556.19,2386.79,4638.92,5971.23,5901.78,1943.4,4235.12,8834.45,9953.98,4793.65,9557.81,13506.47,15870.21,6325.67,32598.5,40486.82,41641.63,7810.13,11730.55,15979.26,17641.79,5783.0,9995.67,5353.09,4614.85
基本每股收益(元/股),0.43,0.76,1.47,1.66,0.17,0.2,0.17,0.17,0.39,0.83,1.16,1.61,0.43,0.82,1.11,1.41,0.43,0.75,0.95,1.22,0.4,0.77,1.16,1.49,0.5,0.88,1.28,1.65,0.48,0.98,1.43,1.74,0.62,1.14,1.27,1.62,0.6,1.04,1.57,1.98,0.66,1.19,7.76,8.09,0.63,0.88,1.31,1.51,0.55,1.03,1.11,1.39,0.43,1.07,1.52,1.83,0.56,1.14,1.55,1.9,0.59,1.09,1.61,2.04
稀释每股收益(元/股),0.43,0.76,1.47,1.66,0.17,0.2,0.17,0.17,0.39,0.83,1.16,1.61,0.43,0.82,1.11,1.41,0.43,0.75,0.95,1.22,0.4,0.77,1.16,1.49,0.5,0.88,1.28,1.65,0.48,0.98,1.43,1.74,0.62,1.14,1.27,1.6,0.59,1.04,1.57,1.97,0.65,1.19,7.72,8.06,0.63,0.88,1.31,1.51,0.55,1.03,1.11,1.39,0.43,1.07,1.51,1.83,0.55,1.14,1.55,1.9,0.59,1.09,1.61,2.04
七、其他综合收益,0.0,0.0,0.0,0.0,0.0,0.0,0.0,0.0,0.0,431.58,383.2,501.27,-82.62,-350.18,-418.91,-563.11,-262.19,-261.83,-909.61,-492.73,-125.52,76.45,-75.87,10.19,5.1,-205.01,-181.28,-276.54,35.29,-301.09,-2062.89,-3128.18,2439.68,142.93,-444.08,3492.77,-496.66,185.52,375.73,1347.04,-18.09,-1898.48,-3652.3,-4543.0,-4100.61,166.97,3909.26,2603.54,-1711.0,-126.07,2185.31,5869.7,671.52,2567.09,500.62,14138.55,-12391.03,-14754.89,-15779.9,-11720.31,-1444.29,3307.58,10029.48,12930.75
八、综合收益总额,0.0,0.0,0.0,0.0,0.0,0.0,0.0,0.0,0.0,26777.87,37784.66,51880.69,13317.36,25429.84,34915.04,44685.89,13032.64,23362.2,29224.64,38287.11,12068.66,24749.64,36428.2,47532.5,14884.59,26762.55,39684.24,52122.12,14934.96,30812.62,43095.7,52234.04,22743.88,37393.24,53720.73,69449.11,24299.57,42932.2,65663.05,84338.6,29869.8,53140.69,426943.12,444227.24,32579.18,67737.53,106754.18,120775.01,42360.14,83326.52,119675.53,152027.46,46933.11,135639.95,183142.18,227271.22,47384.2,103223.26,145472.4,183489.81,59668.08,115057.83,166062.58,208484.77
归属于母公司所有者的综合收益总额,0.0,0.0,0.0,0.0,0.0,0.0,0.0,0.0,0.0,25217.07,35347.43,48659.09,12579.82,23797.85,32455.38,41254.97,12319.35,21824.34,27175.74,35444.26,11603.6,22946.95,34287.22,44177.49,14678.95,25726.54,37695.75,48475.39,14367.22,28790.1,41149.33,49897.98,19537.39,34214.81,49476.74,64321.46,22669.49,41088.73,61847.55,79770.96,27481.81,48507.29,420990.77,438353.54,30635.78,63497.39,97900.68,110590.9,37570.92,73693.13,106138.49,135844.42,40606.48,103009.03,142671.04,185849.02,39598.48,91558.73,129521.84,165224.84,53910.13,104942.0,160440.81,204933.13
归属于少数股东的综合收益总额,0.0,0.0,0.0,0.0,0.0,0.0,0.0,0.0,0.0,1560.8,2437.23,3221.6,737.53,1631.99,2459.66,3430.92,713.29,1537.86,2048.9,2842.85,465.06,1802.69,2140.99,3355.02,205.64,1036.01,1988.49,3646.73,567.74,2022.52,1946.38,2336.06,3206.49,3178.43,4243.99,5127.65,1630.08,1843.47,3815.5,4567.64,2387.99,4633.4,5952.36,5873.7,1943.4,4240.14,8853.5,10184.11,4789.21,9633.39,13537.04,16183.04,6326.64,32630.91,40471.14,41422.19,7785.72,11664.52,15950.56,18264.96,5757.96,10115.83,5621.76,3551.64
