报表日期,2007-03-31,2007-06-30,2007-09-30,2007-12-31,2008-03-31,2008-06-30,2008-09-30,2008-12-31,2009-03-31,2009-06-30,2009-09-30,2009-12-31,2010-03-31,2010-06-30,2010-09-30,2010-12-31,2011-03-31,2011-06-30,2011-09-30,2011-12-31,2012-03-31,2012-06-30,2012-09-30,2012-12-31,2013-03-31,2013-06-30,2013-09-30,2013-12-31,2014-03-31,2014-06-30,2014-09-30,2014-12-31,2015-03-31,2015-06-30,2015-09-30,2015-12-31,2016-03-31,2016-06-30,2016-09-30,2016-12-31,2017-03-31,2017-06-30,2017-09-30,2017-12-31,2018-03-31,2018-06-30,2018-09-30,2018-12-31,2019-03-31,2019-06-30,2019-09-30
一、营业总收入,706348.72,2005156.57,2935876.52,3804131.31,1079240.01,2501847.73,3511243.36,4219971.57,906907.34,2005729.2,3067623.02,4263729.11,1022656.0,2514506.8,4429675.66,6080724.25,1727408.0,4023920.45,6407461.27,8351725.25,2008810.71,4830331.16,7716455.91,10011010.88,2229305.6,5348934.71,8875940.01,12004307.0,2501014.44,5893018.03,10001930.06,14000539.4,2509363.19,5161034.52,8367511.48,10056445.36,2509798.93,5009130.64,8377076.04,11011310.19,3003526.46,7002065.86,11202657.18,15001955.16,4002546.98,9200469.16,15005003.87,20002399.77,4100611.94,9834107.43,15667629.6
营业收入,706348.72,2005156.57,2933809.6,3800918.48,1077304.79,2495192.2,3498701.29,4203238.8,903268.44,1999022.2,3056550.81,4245777.29,1015895.06,2495706.72,4400392.68,6043162.61,1721258.77,4006163.6,6379160.25,8315547.45,1998468.16,4792343.84,7659135.77,9931619.63,2209916.32,5289568.25,8781078.64,11862794.82,2466681.89,5786578.64,9841006.28,13775035.84,2450390.01,5011118.24,8152286.4,9774513.72,2464067.57,4918282.01,8242871.14,10830256.53,2968150.45,6918452.16,11087467.87,14828645.0,3956158.2,9097610.03,14869864.14,19812317.71,4054767.31,9729696.43,15503875.7
二、营业总成本,687960.26,1950379.05,2846974.1,3666548.95,1025868.63,2378902.22,3332412.64,3986984.12,839998.68,1864609.54,2839564.05,3967184.11,987461.16,2445881.79,4266260.53,5819180.99,1666034.06,3869173.92,6115835.98,7900847.55,1874043.53,4501047.48,7150346.02,9231019.15,2105033.32,4941282.55,8100911.83,10948792.61,2128788.51,5116568.54,8769836.77,12325897.96,2187067.11,4541778.37,7199959.21,8613460.91,2135704.16,4161996.36,6973402.74,9152937.98,2570423.81,5927658.62,9357430.05,12469881.27,3402226.18,7707836.48,12533709.68,16958932.92,3495137.83,8216008.86,13070381.9
营业成本,574060.16,1638712.34,2389391.13,3111708.86,880726.31,2039613.06,2837663.1,3373319.09,685429.02,1492978.46,2286663.25,3195597.94,798482.83,2089744.87,3514601.97,4740918.71,1438104.83,3384775.68,5272300.19,6813211.53,1548981.26,3696710.44,5758589.58,7320307.74,1555175.89,3829376.29,6181391.69,8038593.98,1603265.17,3865218.07,6344061.47,8802212.77,1660970.54,3603541.93,5533246.45,6601735.37,1644736.75,3162758.52,5430381.13,7288564.12,1947998.32,4708885.48,7608981.29,9956291.28,2735376.64,6365913.78,10386094.37,13823416.77,2814430.5,6711252.6,10827482.75
营业税金及附加,7197.59,15057.21,21786.01,31679.76,6698.16,15385.5,29263.28,36263.56,6402.33,14761.61,25601.39,40336.89,10301.71,20209.02,36602.78,53881.54,10123.77,27348.53,41868.71,49790.8,8270.87,23271.16,41304.25,58995.36,8323.71,32451.58,58101.61,95616.98,19253.98,42325.93,69587.39,136242.49,16023.35,33937.14,49204.39,75189.42,13490.15,41211.27,63753.34,143040.42,21806.51,64531.98,109940.89,151303.54,28052.73,76137.79,127311.72,174189.27,30551.16,81677.06,122116.1
销售费用,76372.01,244103.85,364908.84,434931.45,98931.29,248287.38,367190.37,440262.36,116518.01,295527.07,439665.64,579785.84,154053.75,275065.92,612738.01,841013.56,168444.59,360678.46,637177.35,805040.82,242842.06,605813.89,1109938.79,1462622.85,448244.7,844658.38,1482538.92,2250893.17,423404.1,989356.01,2015319.67,2888999.57,382085.84,634148.72,1337342.0,1550634.17,442903.46,943363.81,1406745.3,1647726.6,444042.31,853432.42,1186541.1,1666026.85,435050.16,803057.41,1289612.98,1889957.8,417080.73,1041272.97,1516335.88
管理费用,18313.03,39120.32,61876.32,86899.92,26567.13,52636.84,79388.35,127136.12,23354.09,54254.35,87856.55,156660.45,32819.04,71008.16,116889.27,197805.44,48090.61,105936.16,179131.78,278326.61,77409.92,166164.95,257715.62,405580.96,89215.58,204167.59,345257.6,508957.26,106895.19,234012.14,373901.12,481816.86,118952.34,235879.74,359707.77,504874.66,121954.5,281391.07,408260.87,548895.56,138630.84,288551.62,465390.77,607114.37,189866.33,459258.17,277704.84,436585.01,88426.31,186625.89,289617.36
财务费用,-302.76,1143.96,2863.46,-974.22,3609.14,6438.6,14864.99,8499.54,1940.54,533.98,-2999.6,-9702.19,-14838.43,-19451.2,-21797.39,-30896.95,-9883.59,-19220.55,-24287.25,-45270.76,-7984.81,-7333.21,-30584.75,-46134.76,-9804.0,-5856.49,-13490.19,-13730.86,-40058.64,-67161.39,-89307.97,-94224.47,-21958.63,-23947.72,-139375.81,-192879.73,-108721.91,-296998.75,-348454.52,-484554.66,-6871.95,-19186.15,-27701.3,43128.47,-11158.05,-31527.3,-69638.54,-94820.14,-2299.8,-111755.67,-156734.32
资产减值损失,12320.23,12241.36,5690.13,1537.47,9198.76,16086.6,3362.93,273.03,5975.97,5689.94,1897.78,2908.88,5743.2,6362.19,2425.2,9959.67,10669.33,8049.2,7897.44,-2059.47,4220.24,10845.41,1092.81,6553.71,6334.34,16893.26,15812.87,19239.3,6351.38,19071.82,6786.53,39841.72,11257.0,16225.84,5343.81,8631.8,16675.11,23998.77,4515.68,-99.16,24235.49,29313.94,11513.39,26378.7,22867.37,31993.17,24319.09,26167.42,20126.67,0.0,0.0
公允价值变动收益,0.0,0.0,0.0,0.0,0.0,0.0,0.0,0.0,0.0,0.0,0.0,230.7,2491.1,7820.49,4532.82,6919.25,-1229.28,-43.98,-3070.75,-5750.87,-302.92,363.86,6009.7,24688.48,16838.59,44050.62,58803.13,99056.36,-113314.46,-128305.58,-112941.36,-138155.16,14989.74,30804.83,-30468.94,-101032.25,20113.07,-23733.76,77112.45,109333.21,32671.38,4081.87,-75761.55,921.25,23075.73,-57624.43,-12949.57,4625.74,10690.66,-13010.04,-13663.65
投资收益,32.42,59.02,-72.11,-93.85,0.0,0.0,-152.01,941.74,-99.19,-95.14,-33.94,677.02,1405.06,3418.56,5648.09,6219.77,385.42,-223.3,6860.18,9109.41,1012.23,-3295.47,-4529.18,-2049.44,7185.83,19453.15,51409.89,71733.72,24303.91,32603.34,52229.71,72436.44,-5932.45,8873.78,10665.42,9665.49,-31933.35,-96554.08,-189905.4,-222135.63,2990.66,16403.56,9973.88,39664.81,4777.77,60731.96,12790.43,10676.89,21732.59,13178.62,-37.52
其中:对联营企业和合营企业的投资收益,32.42,59.02,-82.11,-0.06,0.0,0.0,-152.01,-323.72,-99.19,-95.14,-87.29,-208.32,-42.16,-249.09,-329.68,-808.89,-10.19,-419.41,-391.91,-491.05,-115.79,-288.26,-466.09,873.22,-34.67,28.42,-148.28,285.58,-141.44,-845.1,-1053.57,-360.09,-419.72,-247.77,-375.2,324.61,9.44,85.38,477.87,803.44,-155.53,358.71,192.38,648.75,-175.45,-234.76,-411.61,56.05,-1035.35,-1114.21,-2529.45
汇兑收益,0.0,0.0,-5.69,-7.34,0.0,0.0,0.0,-10.54,0.0,0.0,-0.1,-0.19,0.0,-1.11,-1.11,-4.09,0.0,-2.69,-2.69,-5.6,0.0,0.62,0.62,0.01,0.0,-2.0,-2.0,-3.46,0.0,1.07,0.99,0.0,0.0,0.0,0.0,0.0,0.0,0.0,0.0,0.0,0.0,0.0,0.0,0.0,0.0,0.0,0.0,0.0,0.0,0.0,0.0
三、营业利润,18420.87,54836.54,88824.61,137481.18,53371.38,122945.52,178678.71,233918.65,66809.47,141024.52,228024.93,297452.53,39091.0,79862.95,173594.94,274678.18,60530.08,154476.57,295412.04,454230.64,135476.5,326352.69,567591.02,802630.79,148296.69,471153.93,885239.2,1226301.01,283215.39,680748.31,1171382.63,1608922.73,331353.36,658934.75,1147748.75,1351617.7,362274.49,726846.44,1290880.35,1745569.78,468764.69,1094892.67,1779439.46,2612666.6,633315.94,1510404.32,2494693.51,3099688.47,660651.95,1639398.6,2631999.78
加:营业外收入,283.09,2162.32,2589.26,6370.8,1473.75,3311.67,3730.94,8313.53,1507.56,7177.23,9430.71,41754.46,39105.72,112898.97,174327.21,235332.41,51946.36,117266.45,173234.98,184578.56,10597.57,16153.69,71163.78,76038.32,14776.8,32126.32,45054.83,68419.96,6108.97,18458.41,23327.81,70606.38,4394.1,24010.49,48244.3,140429.17,18113.56,48338.74,57330.4,109623.48,6115.98,24736.52,48210.26,51105.91,6027.68,21124.78,23400.08,31785.77,950.41,3158.73,34273.49
减：营业外支出,235.94,348.72,427.46,1215.28,255.09,1380.35,2204.45,1606.7,519.46,854.17,924.54,1179.43,141.02,2127.94,3034.73,4378.33,1548.25,2025.31,2773.34,5953.16,1142.0,1255.88,1637.08,2398.18,3422.54,5050.08,5251.79,5528.58,866.45,991.43,1639.44,4286.04,299.91,615.46,914.53,1104.92,325.54,461.91,623.94,2074.25,654.22,859.63,1355.3,2054.02,556.94,1096.39,1808.64,4123.47,421.38,1230.54,1703.79
其中：非流动资产处置损失,0.0,0.0,13.41,431.13,32.35,105.38,712.6,83.44,0.0,117.52,183.48,255.13,16.59,104.72,261.43,416.14,174.15,368.72,436.41,701.51,811.04,790.19,1083.91,1429.49,89.01,134.65,163.89,378.25,792.26,834.2,1295.69,1506.45,273.41,522.1,751.11,911.89,149.91,219.66,309.86,1508.38,504.6,661.45,774.87,0.0,0.0,0.0,0.0,0.0,0.0,0.0,0.0
四、利润总额,18468.03,56650.14,90986.41,142636.7,54590.05,124876.84,180205.2,240625.48,67797.57,147347.58,236531.09,338027.55,78055.7,190633.98,344887.41,505632.26,110928.19,269717.71,465873.68,632856.04,144932.08,341250.5,637117.72,876270.93,159650.95,498230.17,925042.24,1289192.39,288457.91,698215.29,1193071.0,1675243.07,335447.55,682329.78,1195078.51,1490941.95,380062.52,774723.27,1347586.81,1853119.01,474226.45,1118769.55,1826294.41,2661718.5,638786.69,1530432.71,2516284.94,3127350.77,661180.98,1641326.79,2664569.49
减：所得税费用,2682.37,7911.21,13780.81,13912.72,10619.3,23346.98,33492.97,41440.53,12637.92,23569.39,36391.44,44861.21,14002.95,33312.51,55221.17,75311.71,16794.16,47094.9,85226.49,103121.99,25781.38,51040.83,98684.36,131678.13,25247.87,93715.87,161330.03,195616.88,60939.58,120924.02,202543.35,249947.59,56457.05,105536.92,192765.0,228568.68,62422.84,130062.01,217280.28,300655.52,70589.62,168432.69,272992.2,410858.59,78129.1,241898.77,392184.28,489447.79,91411.17,259755.83,442802.69
五、净利润,15785.65,48738.93,77205.6,128723.98,43970.75,101529.86,146712.23,199184.96,55159.65,123778.2,200139.65,293166.34,64052.75,157321.47,289666.24,430320.55,94134.03,222622.81,380647.19,529734.05,119150.69,290209.67,538433.36,744592.8,134403.08,404514.3,763712.2,1093575.52,227518.32,577291.26,990527.66,1425295.48,278990.51,576792.86,1002313.51,1262373.26,317639.67,644661.26,1130306.54,1552463.49,403636.83,950336.86,1553302.21,2250859.9,560657.58,1288533.95,2124100.66,2637902.98,569769.81,1381570.96,2221766.8
归属于母公司所有者的净利润,16407.66,48550.95,76235.39,126975.79,43609.58,100420.28,144787.79,196651.89,55423.63,123167.77,199188.39,291345.04,63905.54,157261.22,289007.61,427572.16,93472.38,220752.3,377254.98,523693.86,117364.29,287113.97,533217.88,737966.63,133519.54,401534.38,757869.62,1087067.28,225466.3,571815.29,982754.67,1415516.72,277535.87,572075.37,995272.15,1253244.28,315981.61,640247.0,1122905.93,1542096.5,401453.65,945248.33,1546070.89,2240157.62,558162.44,1280620.05,2111843.58,2620278.77,567186.9,1375019.41,2211749.64
少数股东损益,-138.86,187.98,970.21,1748.19,361.17,1109.58,1924.44,2533.07,-263.98,610.43,951.26,1821.3,147.2,60.26,658.63,2748.39,661.65,1870.51,3392.21,6040.19,1786.41,3095.69,5215.48,6626.16,883.53,2979.92,5842.59,6508.23,2052.03,5475.97,7772.98,9778.76,1454.64,4717.5,7041.37,9128.98,1658.06,4414.26,7400.61,10366.99,2183.18,5088.53,7231.32,10702.28,2495.14,7913.9,12257.09,17624.21,2582.9,6551.55,10017.16
基本每股收益(元/股),0.2,0.6028,0.947,1.58,0.5223,1.2027,1.1561,1.57,0.4425,0.66,1.06,1.55,0.2268,0.8371,1.0256,1.52,0.3317,0.7834,1.3388,1.86,0.3902,0.96,1.79,2.47,0.45,1.33,2.52,3.61,0.75,1.9,3.27,4.71,0.92,1.9,1.65,2.08,0.53,1.06,1.87,2.56,0.67,1.57,2.57,3.72,0.93,2.13,3.51,4.36,0.94,2.29,3.68
稀释每股收益(元/股),0.2,0.6028,0.947,1.58,0.5223,1.2027,1.1561,1.57,0.4425,0.66,1.06,1.55,0.2268,0.8371,1.0256,1.52,0.3317,0.7834,1.3388,1.86,0.3902,0.96,1.79,2.47,0.45,1.33,2.52,3.61,0.75,1.9,3.27,4.71,0.92,1.9,1.65,2.08,0.53,1.06,1.87,2.56,0.67,1.57,2.57,3.72,0.93,2.13,3.51,4.36,0.94,2.29,3.68
七、其他综合收益,0.0,0.0,0.0,0.0,0.0,0.0,0.0,0.0,0.0,3424.97,5465.71,9143.37,-352.2,-863.08,5434.47,-411.87,1216.21,-991.94,-12219.97,-8678.59,4724.21,2892.29,7227.39,5217.7,-2887.75,-8368.62,-1839.19,-4135.0,-8946.78,-296.06,397.36,2118.24,300.5,26601.51,-14888.74,-13972.23,1117.15,1167.7,1516.55,-5446.95,-1282.14,-3174.3,12547.55,12572.03,-25518.65,-7652.05,-2675.19,-45727.43,10050.71,-276.22,-1953.12
八、综合收益总额,0.0,0.0,0.0,0.0,0.0,0.0,0.0,0.0,0.0,127203.17,205605.36,302309.71,63700.55,156458.4,295100.71,429908.68,95350.24,221630.86,368427.23,521055.47,123874.9,293101.96,545660.75,749810.5,131515.33,396145.68,761873.02,1089440.51,218571.55,576995.2,990925.01,1427413.72,279291.01,603394.37,987424.77,1248401.03,318756.82,645828.96,1131823.08,1547016.54,402354.69,947162.57,1565849.76,2263431.94,535138.93,1280881.9,2121425.48,2592175.55,579820.51,1381294.74,2219813.68
归属于母公司所有者的综合收益总额,0.0,0.0,0.0,0.0,0.0,0.0,0.0,0.0,0.0,126592.74,204654.1,300426.35,63412.7,156087.4,294055.19,427271.84,94639.1,219685.5,364985.53,514967.76,122081.21,289980.25,540428.79,743132.6,130643.31,393126.6,756142.44,1083233.96,216420.98,571227.69,982906.63,1417224.14,277877.5,598576.67,980217.82,1238976.76,317136.09,641475.88,1124483.11,1536872.15,400261.97,942257.96,1558826.45,2253065.39,532589.61,1272853.33,2109038.94,2574368.23,577233.5,1374762.69,2209829.24
归属于少数股东的综合收益总额,0.0,0.0,0.0,0.0,0.0,0.0,0.0,0.0,0.0,610.43,951.26,1883.36,287.85,371.0,1045.52,2636.84,711.14,1945.37,3441.7,6087.7,1793.69,3121.71,5231.96,6677.9,872.01,3019.08,5730.58,6206.55,2150.57,5767.51,8018.38,10189.58,1413.51,4817.71,7206.95,9424.27,1620.74,4353.08,7339.97,10144.39,2092.72,4904.61,7023.31,10366.55,2549.32,8028.57,12386.54,17807.32,2587.01,6532.05,9984.44
