报表日期,2007-03-31,2007-06-30,2007-09-30,2007-12-31,2008-03-31,2008-06-30,2008-09-30,2008-12-31,2009-03-31,2009-06-30,2009-09-30,2009-12-31,2010-03-31,2010-06-30,2010-09-30,2010-12-31,2011-03-31,2011-06-30,2011-09-30,2011-12-31,2012-03-31,2012-06-30,2012-09-30,2012-12-31,2013-03-31,2013-06-30,2013-09-30,2013-12-31,2014-03-31,2014-06-30,2014-09-30,2014-12-31,2015-03-31,2015-06-30,2015-09-30,2015-12-31,2016-03-31,2016-06-30,2016-09-30,2016-12-31,2017-03-31,2017-06-30,2017-09-30,2017-12-31,2018-03-31,2018-06-30,2018-09-30,2018-12-31,2019-03-31,2019-06-30,2019-09-30
一、营业总收入,126363.92,231546.54,368604.41,485341.34,160569.63,296731.73,455458.64,601648.61,166693.56,328711.35,534987.02,782487.22,200887.14,427584.1,652918.61,897183.65,255929.93,522067.48,819494.44,1113137.24,351611.3,704607.1,1106801.38,1457923.04,398425.96,810524.15,1269033.51,1671798.64,450327.46,911116.64,1418029.14,1894737.91,521144.25,1038350.13,1615635.79,2172738.35,616569.76,1224362.48,1891994.97,2537966.75,714935.39,1409094.19,2145087.07,2783182.31,783674.48,1532495.0,2320447.39,3066337.43,970514.82,1824866.76,2762788.52
营业收入,126363.92,231546.54,368604.41,485341.34,160569.63,296731.73,455458.64,601648.61,166693.56,328711.35,534987.02,782487.22,200887.14,427584.1,652918.61,897183.65,255929.93,522067.48,819494.44,1113137.24,351611.3,704607.1,1106801.38,1457923.04,398425.96,810524.15,1269033.51,1671798.64,450327.46,911116.64,1418029.14,1894737.91,521144.25,1038350.13,1615635.79,2172738.35,616569.76,1224362.48,1891994.97,2537966.75,714935.39,1409094.19,2145087.07,2783182.31,783674.48,1532495.0,2320447.39,3066337.43,970514.82,1824866.76,2762788.52
二、营业总成本,119556.37,217650.15,350650.77,455081.27,152989.65,282622.57,435739.97,574549.02,157675.45,309814.71,505764.76,729341.67,187771.86,403454.7,617033.76,851804.55,241448.67,492078.57,773833.01,1052956.64,332059.0,663288.12,1045125.9,1380446.86,372986.74,759100.27,1195070.92,1580042.38,414889.3,841967.5,1323243.62,1779754.47,477783.77,953984.37,1499722.72,2035332.05,562071.57,1120313.81,1742547.71,2354978.57,648521.32,1279561.83,1958079.92,2559485.12,699763.72,1372918.86,2092422.68,2787172.94,864968.0,1638616.65,2500513.24
营业成本,103364.75,183369.42,296853.86,381425.18,132643.84,240131.32,370025.84,485142.13,135685.34,264746.71,435276.94,626174.17,161483.93,346272.7,529243.47,728853.71,207769.8,419361.62,659608.83,894660.75,280104.93,563450.39,891431.84,1172985.22,313428.34,643587.83,1019617.18,1334137.94,341522.23,698153.58,1102591.21,1478266.46,379641.39,776882.15,1222258.72,1651778.27,442290.6,900950.98,1414634.91,1921910.55,513646.38,1033865.81,1583868.99,2056171.83,535613.98,1066560.75,1635580.61,2177470.54,632302.21,1216320.76,1869321.94
营业税金及附加,387.44,812.93,1466.67,2004.95,364.99,692.57,1030.41,1413.23,381.93,662.35,1098.64,3904.87,694.66,1266.27,1692.13,2294.41,1205.44,2364.98,3572.4,4628.0,1737.75,3166.37,4818.05,6177.79,0.0,3415.84,5124.52,6726.66,2334.45,4720.02,6915.57,8711.59,2947.0,5549.14,7936.71,10430.86,3349.38,6535.02,9591.65,13174.6,4084.36,7896.39,11927.74,16305.63,5040.85,9469.6,13290.69,17095.31,6769.28,10556.86,14374.73
销售费用,9436.07,20608.11,33173.05,44881.7,12599.51,25550.32,39533.36,53286.64,14489.97,29918.49,47443.14,66669.79,17803.01,36083.89,56943.4,87191.32,22418.63,50240.0,74797.46,111975.16,36654.01,71714.44,106847.55,143769.53,1763.8,82959.45,126619.02,173974.74,55470.67,102979.1,159216.79,212794.83,77413.04,131135.0,207617.31,276946.02,96091.2,168038.05,258249.65,329862.36,112690.55,191242.91,288152.34,372891.13,133904.67,232174.14,337956.32,429735.57,185888.25,305372.75,457280.64
管理费用,4759.15,9639.61,14682.94,21278.87,5813.9,12001.25,18686.2,24215.89,5899.63,11231.29,17099.3,24700.48,6631.01,14980.71,22634.94,25062.82,7976.99,13992.86,27038.49,29960.65,10564.69,16268.77,29963.55,42387.49,44032.93,21973.02,33908.99,50444.51,12196.0,25854.17,40386.9,61828.87,12792.0,28472.12,45067.05,72202.82,17771.13,38284.86,50875.17,75931.2,16978.5,41384.34,67632.02,106795.25,24577.82,59441.99,51553.48,78517.09,20651.17,52665.76,77329.53
财务费用,1608.96,2640.66,3968.4,5533.54,1567.4,3510.45,5247.7,6800.09,1218.57,2358.2,3449.08,5108.33,1159.25,2651.57,4320.24,6142.49,2077.81,4564.92,7261.65,10507.96,2997.62,7549.05,10756.78,13630.67,10779.31,5808.65,8445.73,12141.64,3365.95,7489.86,11362.4,15404.11,4990.35,10262.58,15159.55,20585.65,2569.27,5047.64,7739.06,9409.25,1121.53,2517.18,3843.64,4747.85,626.4,2009.29,4177.79,8648.42,3610.46,6833.6,10983.69
研发费用,0.0,0.0,0.0,0.0,0.0,0.0,0.0,0.0,0.0,0.0,0.0,0.0,0.0,0.0,0.0,0.0,0.0,0.0,0.0,0.0,0.0,0.0,0.0,0.0,0.0,0.0,0.0,0.0,0.0,0.0,0.0,0.0,0.0,0.0,0.0,0.0,0.0,0.0,0.0,0.0,0.0,0.0,0.0,0.0,0.0,0.0,46600.7,70604.13,15746.63,46866.91,71222.72
资产减值损失,0.0,579.41,505.86,-42.96,0.0,736.66,1216.46,3691.04,0.0,897.66,1397.66,2784.03,0.0,2199.56,2199.56,2259.79,0.0,1554.19,1554.19,1224.12,0.0,1308.13,1308.13,1496.17,2982.37,1355.48,1355.48,2616.9,0.0,2770.76,2770.76,2748.6,0.0,1683.38,1683.38,3388.44,0.0,1457.27,1457.27,4690.6,0.0,2655.19,2655.19,2573.43,0.0,3263.09,3263.09,5101.88,0.0,0.0,0.0
公允价值变动收益,66.06,0.0,0.0,0.0,0.0,0.0,0.0,0.0,0.0,0.0,0.0,0.0,0.0,0.0,0.0,0.0,0.0,0.0,0.0,0.0,0.0,0.0,0.0,0.0,0.0,0.0,0.0,0.0,0.0,0.0,0.0,0.0,0.0,0.0,0.0,0.0,0.0,0.0,0.0,0.0,0.0,0.0,0.0,0.0,0.0,0.0,0.0,0.0,0.0,0.0,0.0
投资收益,62.63,498.94,599.04,60.07,87.73,169.57,277.99,200.91,146.88,254.96,391.06,532.61,124.29,268.83,429.94,791.25,125.6,313.03,476.87,863.14,128.63,371.68,649.53,791.12,130.42,307.82,522.01,727.66,48.03,481.55,490.79,709.66,-84.24,138.0,417.3,844.8,91.45,1483.1,2346.91,2661.08,287.88,1105.67,1733.03,1765.05,716.15,1716.39,2834.1,3476.17,120.0,805.71,876.39
其中:对联营企业和合营企业的投资收益,39.27,177.23,277.33,289.86,87.73,169.57,277.99,217.52,80.09,187.57,321.32,466.61,124.29,268.83,429.94,513.25,125.6,260.64,-4.59,525.3,128.63,358.07,649.53,657.78,130.42,307.82,522.01,727.66,48.03,481.55,490.79,693.77,-84.24,128.83,407.25,825.31,-191.24,612.53,1065.36,1340.4,134.13,917.33,1510.72,1419.64,473.32,1091.48,1499.96,1870.32,120.0,805.71,876.39
汇兑收益,0.0,0.0,0.0,0.0,0.0,0.0,0.0,0.0,0.0,0.0,0.0,0.0,0.0,0.0,0.0,0.0,0.0,0.0,0.0,0.0,0.0,0.0,0.0,0.0,0.0,0.0,0.0,0.0,0.0,0.0,0.0,0.0,0.0,0.0,0.0,0.0,0.0,0.0,0.0,0.0,0.0,0.0,0.0,0.0,0.0,0.0,0.0,0.0,0.0,0.0,0.0
三、营业利润,6936.24,14395.33,18552.68,30320.14,7667.7,14278.73,19996.66,27300.5,9164.99,19151.6,29613.33,53678.15,13239.57,24398.23,36314.79,46170.35,14606.85,30301.94,46138.29,61043.74,19680.93,41521.63,62325.02,78267.29,25569.64,51731.69,74484.6,92483.92,35486.19,69630.7,95276.31,115693.1,43276.23,84503.76,116330.37,138251.1,54589.64,105531.77,151794.17,185649.26,66701.95,133146.44,191756.49,234127.54,84916.03,167135.99,237315.15,290957.07,112660.93,200737.74,278599.64
加:营业外收入,37.67,53.08,66.39,1035.92,22.17,199.29,287.45,1342.4,20.85,541.15,2562.25,3851.0,201.73,668.73,983.32,4973.51,509.98,1049.9,1345.24,2043.85,1241.11,1415.07,1584.54,3753.61,867.51,2848.88,3506.29,4816.07,353.73,733.89,2890.61,4352.28,370.04,1199.76,4787.75,6367.74,1544.75,1872.45,2570.31,5955.85,1550.79,72.26,286.81,634.58,44.93,214.26,409.79,157.56,254.24,416.32,990.44
减：营业外支出,117.91,230.2,268.67,958.84,40.94,354.84,416.4,411.75,140.45,297.98,367.48,1013.62,200.59,317.36,440.53,1595.07,346.96,605.11,916.49,1801.35,1066.7,2037.34,2413.56,3268.82,933.53,1523.26,2801.02,3070.59,1044.97,1697.69,2879.84,2758.44,855.91,1824.62,2673.74,2623.64,1215.4,1978.61,2031.57,3377.81,-464.19,702.19,1489.7,2324.3,261.66,1258.02,2353.32,3860.2,417.52,1643.74,2528.02
其中：非流动资产处置损失,0.71,25.31,25.93,94.18,0.0,10.38,7.75,90.03,0.0,-2.95,-5.83,341.83,5.76,73.21,111.7,323.43,93.21,109.28,130.8,282.5,60.68,113.12,168.49,239.16,8.68,225.3,231.82,295.18,10.49,23.6,124.69,187.82,14.74,53.19,57.49,221.48,9.57,14.87,37.74,1598.3,92.1,647.16,1470.46,0.0,0.0,0.0,0.0,0.0,0.0,0.0,0.0
四、利润总额,6856.0,14218.21,18350.4,30397.23,7648.93,14123.19,19867.72,28231.15,9045.39,19394.77,31808.1,56515.53,13240.71,24749.6,36857.58,49548.79,14769.88,30746.72,46567.04,61286.24,19855.34,40899.36,61496.0,78752.08,25503.63,53057.31,75189.87,94229.4,34794.94,68666.9,95287.09,117286.94,42790.37,83878.89,118444.38,141995.2,54918.98,105425.61,152332.92,188227.3,68716.93,132516.51,190553.59,232437.82,84699.3,166092.22,235371.62,287254.43,112497.64,199510.33,277062.06
减：所得税费用,1402.38,2754.12,3514.54,7776.47,1489.55,2472.16,4046.75,5499.1,1799.24,3902.27,6359.63,11791.0,2814.8,4939.93,7093.27,9962.45,2920.04,5869.9,8667.19,12680.69,3940.37,7972.73,12247.57,16696.41,4774.92,10380.76,14708.97,19463.39,8764.69,18175.96,24548.04,23011.29,7408.2,14837.8,21169.07,26778.55,9672.51,19257.53,26792.9,34686.27,12246.91,23842.01,34191.93,43616.25,15620.82,29693.97,44317.89,47737.46,18715.62,33191.29,46597.36
五、净利润,5453.61,11464.09,14835.86,22620.76,6159.38,11651.03,15820.96,22732.05,7246.14,15492.5,25448.46,44724.53,10425.92,19809.67,29764.31,39586.35,11849.84,24876.83,37899.86,48605.54,15914.97,32926.63,49248.43,62055.67,20728.71,42676.54,60480.9,74766.01,26030.25,50490.94,70739.05,94275.65,35382.17,69041.09,97275.31,115216.65,45246.47,86168.08,125540.02,153541.03,56470.02,108674.5,156361.66,188821.57,69078.47,136398.25,191053.73,239516.96,93782.02,166319.04,230464.7
归属于母公司所有者的净利润,4221.22,8679.06,11346.5,17316.02,4854.18,9034.28,12323.88,16860.97,5777.39,12287.59,19899.5,37842.12,8306.61,15858.68,23571.62,31730.68,9066.14,19361.65,29329.91,38148.5,12162.69,25373.39,37844.95,46992.72,15979.83,33287.53,46852.62,57497.59,20173.8,38925.99,54855.15,75666.94,34398.16,66659.36,92741.52,109691.24,43483.77,82308.87,119531.18,144659.17,54401.41,104144.05,148915.9,177950.61,65919.84,129338.92,180908.12,226722.92,90724.46,159628.34,221311.41
少数股东损益,1232.39,2785.03,3489.36,5304.73,1305.21,2616.74,3497.09,5871.07,1468.75,3204.91,5548.97,6882.41,2119.3,3950.99,6192.69,7855.67,2783.7,5515.17,8569.95,10457.04,3752.28,7553.24,11403.48,15062.95,4748.88,9389.01,13628.28,17268.42,5856.45,11564.95,15883.9,18608.71,984.01,2381.73,4533.79,5525.4,1762.7,3859.21,6008.84,8881.86,2068.61,4530.44,7445.76,10870.96,3158.64,7059.33,10145.61,12794.04,3057.56,6690.7,9153.29
基本每股收益(元/股),0.1,0.2,0.2614,0.4,0.1118,0.2081,0.2839,0.39,0.1331,0.2831,0.4585,0.87,0.1914,0.3654,0.543,0.73,0.2089,0.4461,0.6757,0.88,0.2802,0.5846,0.8719,1.08,0.3681,0.7669,1.0794,1.32,0.4648,0.8968,1.2638,1.74,0.7925,1.5357,2.1366,2.53,0.9277,1.7241,2.4888,3.0,1.1192,1.0713,1.5319,1.83,0.6781,0.887,1.2406,1.55,0.6222,0.9123,1.2648
稀释每股收益(元/股),0.1,0.2,0.2614,0.4,0.1118,0.2081,0.2839,0.38,0.1331,0.2831,0.4585,0.87,0.1914,0.3654,0.543,0.73,0.2089,0.4461,0.6757,0.88,0.2802,0.5846,0.8719,1.08,0.3681,0.7669,1.0794,1.32,0.4648,0.8968,1.2638,1.74,0.7925,1.5357,2.1366,2.53,0.9277,1.7241,2.4888,3.0,1.1192,1.0713,1.5319,1.83,0.6781,0.887,1.2406,1.55,0.6222,0.9123,1.2648
七、其他综合收益,0.0,0.0,0.0,0.0,0.0,0.0,0.0,0.0,0.0,0.0,17.23,0.0,0.0,0.0,0.0,0.0,0.0,0.0,0.0,0.0,0.0,0.0,0.0,0.0,0.0,0.0,0.0,0.0,0.0,0.0,0.0,0.0,0.0,0.0,0.0,0.0,0.0,0.0,0.0,0.0,0.0,0.0,0.0,0.0,0.0,0.0,0.0,-2242.62,-3203.29,-751.83,-239.8
八、综合收益总额,0.0,0.0,0.0,0.0,0.0,0.0,0.0,0.0,0.0,0.0,25465.69,44724.53,10425.92,19809.67,29764.31,39586.35,11849.84,24876.83,37899.86,48605.54,15914.97,32926.63,49248.43,62055.67,20728.71,42676.54,60480.9,74766.01,26030.25,50490.94,70739.05,94275.65,35382.17,69041.09,97275.31,115216.65,45246.47,86168.08,125540.02,153541.03,56470.02,108674.5,156361.66,188821.57,69078.47,136398.25,191053.73,237274.35,90578.74,165567.21,230224.9
归属于母公司所有者的综合收益总额,0.0,0.0,0.0,0.0,0.0,0.0,0.0,0.0,0.0,0.0,19916.72,37842.12,8306.61,15858.68,23571.62,31730.68,9066.14,19361.65,29329.91,38148.5,12162.69,25373.39,37844.95,46992.72,15979.83,33287.53,46852.62,57497.59,20173.8,38925.99,54855.15,75666.94,34398.16,66659.36,92741.52,109691.24,43483.77,82308.87,119531.18,144659.17,54401.41,104144.05,148915.9,177950.61,65919.84,129338.92,180908.12,224480.3,87521.18,158876.51,221071.6
归属于少数股东的综合收益总额,0.0,0.0,0.0,0.0,0.0,0.0,0.0,0.0,0.0,0.0,5548.97,6882.41,2119.3,3950.99,6192.69,7855.67,2783.7,5515.17,8569.95,10457.04,3752.28,7553.24,11403.48,15062.95,4748.88,9389.01,13628.28,17268.42,5856.45,11564.95,15883.9,18608.71,984.01,2381.73,4533.79,5525.4,1762.7,3859.21,6008.84,8881.86,2068.61,4530.44,7445.76,10870.96,3158.64,7059.33,10145.61,12794.04,3057.56,6690.7,9153.29
