报表日期,2007-03-31,2007-06-30,2007-09-30,2007-12-31,2008-03-31,2008-06-30,2008-09-30,2008-12-31,2009-03-31,2009-06-30,2009-09-30,2009-12-31,2010-03-31,2010-06-30,2010-09-30,2010-12-31,2011-03-31,2011-06-30,2011-09-30,2011-12-31,2012-03-31,2012-06-30,2012-09-30,2012-12-31,2013-03-31,2013-06-30,2013-09-30,2013-12-31,2014-03-31,2014-06-30,2014-09-30,2014-12-31,2015-03-31,2015-06-30,2015-09-30,2015-12-31,2016-03-31,2016-06-30,2016-09-30,2016-12-31,2017-03-31,2017-06-30,2017-09-30,2017-12-31,2018-03-31,2018-06-30,2018-09-30,2018-12-31,2019-03-31,2019-06-30,2019-09-30
一、营业总收入,83900.63,178401.47,278045.16,409432.27,90527.53,184728.02,277893.28,386735.54,87548.71,179361.4,285535.94,409764.99,93593.54,197806.59,313787.9,435572.09,112835.85,236860.17,364440.4,531508.46,119373.52,268727.64,436994.31,653382.34,153598.5,345837.81,572922.89,852003.73,200781.74,445017.68,743863.43,1114491.38,261926.26,569497.71,919232.74,1334990.48,307383.45,926779.46,1776532.55,2770970.91,777361.31,1687727.85,2702185.52,3907104.09,1011175.29,2244364.96,3442476.43,4830578.59,1222032.36,2287388.11,3795462.92
营业收入,83900.63,178401.47,278045.16,409432.27,90527.53,184728.02,277893.28,386735.54,87548.71,179361.4,285535.94,409764.99,93593.54,197806.59,313787.9,435572.09,112835.85,236860.17,364440.4,531508.46,119373.52,268727.64,436994.31,653382.34,153598.5,345837.81,572922.89,852003.73,200781.74,445017.68,743863.43,1114491.38,261926.26,569497.71,919232.74,1334990.48,307383.45,926779.46,1776532.55,2770970.91,777361.31,1687727.85,2702185.52,3907104.09,1011175.29,2244364.96,3442476.43,4830578.59,1222032.36,2287388.11,3795462.92
二、营业总成本,83408.07,177698.49,277478.57,408894.0,92241.5,186369.93,279212.61,388016.7,87061.13,179351.16,287974.03,414748.96,93573.79,197877.02,314220.39,436428.09,112384.94,236327.03,362984.0,529236.06,118159.24,267442.74,432562.11,646189.37,151970.07,342974.56,565115.94,837462.92,198076.93,439320.84,734303.15,1099906.54,258962.67,563275.26,908868.33,1317317.12,306435.48,918916.49,1741942.92,2737598.63,735866.49,1605379.38,2569832.22,3762801.95,975045.27,2151722.54,3285984.88,4626632.95,1179920.38,2184758.06,3629280.7
营业成本,78593.79,167718.61,260534.73,381736.56,85694.03,172914.32,259214.09,358378.39,81671.85,168430.79,270349.83,391453.05,89832.62,190442.53,302722.43,419216.16,108676.55,228143.17,349642.38,509234.96,114244.96,257646.41,418750.77,624607.26,146359.62,330137.47,546739.42,811962.58,190938.44,425202.52,711697.14,1063497.69,249737.27,542535.85,878682.71,1274557.81,295385.79,805264.66,1463622.05,2252518.25,593893.95,1297758.38,2081820.74,3048663.95,795277.53,1760631.39,2693146.04,3804754.28,980189.36,1773479.5,2989794.13
营业税金及附加,194.36,347.47,682.18,1495.21,235.91,415.68,1100.31,1709.97,416.24,802.92,1483.43,1869.98,364.4,574.14,758.76,1120.15,190.37,434.14,670.06,1189.71,276.03,465.38,713.78,1034.41,165.96,383.02,654.98,806.7,186.47,450.13,734.11,1180.01,305.46,888.73,1186.04,1536.76,276.21,3992.56,8833.2,16998.16,5284.86,9439.41,13812.9,17982.63,5451.1,12388.68,17503.81,23683.86,4567.31,10490.36,13950.1
销售费用,2710.63,5872.39,8736.94,10302.77,3010.98,6019.8,9155.53,11125.85,2517.41,4556.87,6399.39,8209.03,1289.52,2556.44,3954.25,5806.57,1460.53,2832.73,4690.66,6743.37,1759.14,3260.86,5157.27,8590.37,2652.62,4957.18,7076.43,10434.71,2928.45,6093.62,9099.88,12807.72,4255.23,9010.34,13210.58,17945.93,5646.7,48539.41,114676.27,185772.51,54854.72,122302.2,190495.66,271208.96,71828.06,158144.9,234209.38,308471.53,82257.5,174085.62,249086.4
管理费用,1084.08,2247.93,4413.61,8116.46,1316.35,3622.75,5035.01,7247.92,1740.57,3061.21,4450.28,7121.93,1087.69,2493.56,3639.92,4580.53,1032.34,2605.49,4051.95,5247.56,1040.19,2949.69,4143.13,5878.85,1890.72,4270.92,6145.99,7952.35,2357.21,4728.21,7628.89,11813.19,3269.67,6484.04,10126.32,15575.89,4368.69,58460.53,147571.91,259932.21,75681.53,159828.81,256190.94,370062.06,95403.45,192209.96,50358.62,68619.45,18163.39,36797.59,56642.38
财务费用,840.82,1568.54,2701.6,4058.77,1259.69,2610.98,4055.26,4999.42,746.75,1652.96,2567.9,2787.18,998.21,1767.46,2645.45,2870.3,1025.34,1828.84,2775.07,3298.96,899.62,2018.55,2776.02,3364.27,901.15,2031.47,3315.3,5119.38,1590.54,3127.99,5410.75,7256.62,1354.79,3374.81,4636.11,5147.6,727.54,1741.68,4025.6,-128.97,3127.19,4030.35,9578.91,11905.33,1838.64,11410.27,24429.61,39741.29,-182.47,7726.31,35312.5
研发费用,0.0,0.0,0.0,0.0,0.0,0.0,0.0,0.0,0.0,0.0,0.0,0.0,0.0,0.0,0.0,0.0,0.0,0.0,0.0,0.0,0.0,0.0,0.0,0.0,0.0,0.0,0.0,0.0,0.0,0.0,0.0,0.0,0.0,0.0,0.0,0.0,0.0,0.0,0.0,0.0,0.0,0.0,0.0,0.0,0.0,0.0,242139.53,332266.42,90257.75,182178.68,284495.18
资产减值损失,-15.61,-56.45,409.51,3184.24,724.53,786.4,652.41,4555.15,-31.69,846.41,2723.2,3307.78,1.35,42.89,499.59,2834.38,-0.19,482.67,1153.88,3521.51,-60.69,1101.84,1021.14,2714.22,0.0,1194.49,1183.81,1187.21,75.82,-281.63,-267.62,3351.32,40.25,981.49,1026.58,2553.14,30.55,917.65,3213.89,22506.45,3024.24,12020.24,17933.07,42979.01,5246.48,16937.34,24197.89,49096.12,4667.54,0.0,0.0
公允价值变动收益,0.0,0.0,0.0,0.0,0.0,0.0,0.0,0.0,0.0,0.0,0.0,0.0,0.0,0.0,0.0,0.0,0.0,0.0,0.0,0.0,0.0,0.0,0.0,0.0,0.0,0.0,0.0,0.0,0.0,0.0,0.0,0.0,0.0,0.0,0.0,0.0,0.0,0.0,0.0,0.0,0.0,34.06,0.0,0.0,-480.8,2767.1,5402.34,3592.5,7108.63,10834.39,15948.6
投资收益,34.9,436.04,1267.89,2217.98,4239.01,4391.9,5204.86,5740.47,-99.76,1602.05,5799.06,10020.8,456.66,1099.79,3267.86,4927.03,297.45,1237.63,2488.61,3301.48,374.71,1013.48,1647.18,3995.85,267.97,817.71,1679.56,2304.91,613.87,1017.7,2864.73,5804.71,1802.65,7396.2,7464.48,7845.93,4106.27,11831.15,20543.14,55821.78,5215.94,20751.78,22655.82,25726.92,2640.77,6739.02,11247.62,17293.53,249.86,313.05,678.38
其中:对联营企业和合营企业的投资收益,0.0,0.0,0.0,1492.02,156.84,308.39,492.69,824.62,-99.76,367.0,778.49,776.95,-22.73,515.34,1168.28,1520.18,24.94,432.98,931.58,1758.47,374.71,892.13,1525.83,2347.61,267.97,684.53,1539.55,2095.66,565.12,805.45,741.97,951.33,-33.42,53.35,36.94,99.29,-41.95,-50.23,-166.4,-408.4,-671.22,-1361.86,-2106.19,-2903.23,-672.65,-785.09,-1058.69,-1186.01,-267.27,-460.43,-374.2
汇兑收益,0.0,0.0,0.0,0.0,0.0,0.0,0.0,0.0,0.0,0.0,0.0,0.0,0.0,0.0,0.0,0.0,0.0,0.0,0.0,0.0,0.0,0.0,0.0,0.0,0.0,0.0,0.0,0.0,0.0,0.0,0.0,0.0,0.0,0.0,0.0,0.0,0.0,0.0,0.0,0.0,0.0,0.0,0.0,0.0,0.0,0.0,0.0,0.0,0.0,0.0,0.0
三、营业利润,527.45,1139.02,1834.48,2756.25,2525.04,2749.99,3885.53,4459.31,387.81,1612.29,3360.98,5036.83,476.41,1029.37,2835.37,4071.03,748.35,1770.77,3945.01,5573.88,1588.99,2298.38,6079.37,11188.83,1896.4,3680.96,9486.51,16845.71,3318.68,6714.54,12425.0,20389.55,4766.24,13618.66,17828.89,25519.29,5054.24,19694.12,55132.77,89194.06,46710.76,126213.27,189394.95,288338.93,52437.26,146762.06,238339.79,314500.35,77064.58,163804.27,236575.0
加:营业外收入,82.36,176.78,284.5,433.86,261.37,333.07,470.67,785.85,207.11,298.84,383.72,936.91,72.45,282.83,299.35,477.46,22.09,48.59,205.58,122.93,15.89,156.07,284.51,538.01,0.79,11.53,13.27,1005.09,52.43,64.11,588.87,2125.39,43.94,691.76,782.31,1237.27,255.16,7471.32,17367.86,27299.08,20768.72,22039.23,30805.19,12934.1,1230.98,1744.89,2376.62,8283.56,1955.08,2920.49,7591.71
减：营业外支出,15.84,36.46,47.99,200.29,6.23,163.96,173.89,225.98,2.36,81.87,86.45,167.6,6.42,31.41,36.16,57.89,52.08,112.53,119.25,125.59,1.86,6.44,114.91,127.94,1.96,7.69,8.89,30.1,18.85,26.83,78.46,257.07,16.79,25.78,27.43,39.66,0.44,38.86,67.87,1371.72,20.98,45.16,121.13,928.03,11.68,50.35,90.65,3007.76,587.87,617.58,1012.75
其中：非流动资产处置损失,0.0,0.0,0.0,110.27,0.23,51.02,52.93,39.34,2.36,64.58,64.05,82.31,0.0,0.01,1.41,9.18,0.0,1.31,3.27,1.66,0.0,2.18,1.68,9.12,1.24,1.95,2.0,8.7,0.07,0.07,1.43,14.19,0.0,3.77,4.64,16.82,0.09,10.65,2.04,39.21,1.94,3.85,4.92,0.0,0.0,0.0,0.0,0.0,0.0,0.0,0.0
四、利润总额,593.98,1279.35,2070.99,2989.82,2780.19,2919.1,4182.31,5019.18,592.57,1829.26,3658.25,5806.14,542.44,1280.79,3098.56,4490.61,718.36,1706.83,4031.34,5571.22,1603.02,2448.0,6248.98,11598.9,1895.24,3684.8,9490.89,17820.71,3352.26,6751.82,12935.41,22257.87,4793.39,14284.64,18583.77,26716.91,5308.96,27126.58,72432.76,115121.42,67458.5,148207.34,220079.01,300345.0,53656.56,148456.6,240625.76,319776.16,78431.8,166107.18,243153.97
减：所得税费用,132.9,154.04,225.43,759.99,471.35,394.7,475.47,827.52,127.6,439.51,626.08,2313.23,85.73,272.91,351.18,924.6,128.69,298.11,682.7,1133.07,342.9,642.27,1018.99,2689.17,294.27,868.73,1855.96,3777.89,927.76,1305.21,2264.91,5035.17,1160.31,2796.44,3978.46,6462.12,1342.07,-10481.13,-3169.01,-4231.32,14636.73,18083.84,35383.93,37257.97,10246.7,19340.72,37208.55,26452.68,16676.03,25416.92,40819.21
五、净利润,461.08,1125.3,1845.56,2229.83,2308.84,2524.41,3706.84,4191.66,464.97,1389.75,3032.17,3492.91,456.71,1007.88,2747.38,3566.0,589.67,1408.72,3348.64,4438.15,1260.12,1805.73,5229.98,8909.73,1600.97,2816.07,7634.93,14042.82,2424.5,5446.61,10670.5,17222.7,3633.08,11488.21,14605.31,20254.78,3966.9,37607.71,75601.77,119352.74,52821.77,130123.5,184695.08,263087.04,43409.86,129115.87,203417.21,293323.48,61755.78,140690.25,202334.75
归属于母公司所有者的净利润,419.94,922.56,1397.75,1500.36,2648.16,2922.71,3192.56,3060.85,490.46,1070.11,2578.47,3198.82,471.26,994.39,2729.1,3322.16,584.43,1226.11,3333.5,4303.12,1177.98,1806.94,4634.82,7231.56,1420.2,2587.09,6010.12,10094.46,1763.21,4003.96,7609.59,12582.01,3123.01,9461.37,11629.69,15215.56,3966.15,26530.38,51973.46,81482.26,31600.86,80649.9,112612.5,157542.12,24862.72,73317.36,116222.16,170374.86,37728.6,84688.51,124182.1
少数股东损益,41.14,202.74,447.81,729.47,-339.33,-398.3,514.28,1130.81,-25.5,319.63,453.7,294.09,-14.55,13.49,18.27,243.85,5.24,182.6,15.14,135.03,82.14,-1.21,595.16,1678.17,180.77,228.99,1624.82,3948.36,661.29,1442.65,3060.91,4640.69,510.07,2026.84,2975.62,5039.22,0.75,11077.33,23628.31,37870.48,21220.91,49473.6,72082.58,105544.92,18547.15,55798.51,87195.06,122948.62,24027.18,56001.74,78152.66
基本每股收益(元/股),0.0204,0.045,0.068,0.07,0.129,0.142,0.155,0.149,0.024,0.052,0.125,0.155,0.023,0.048,0.132,0.161,0.028,0.059,0.162,0.209,0.057,0.088,0.225,0.351,0.069,0.126,0.292,0.49,0.086,0.194,0.369,0.611,0.152,0.459,0.564,0.738,0.192,0.547,0.775,1.067,0.303,0.774,1.08,1.511,0.239,0.703,0.796,1.168,0.259,0.415,0.608
稀释每股收益(元/股),0.0204,0.045,0.068,0.07,0.129,0.142,0.155,0.149,0.024,0.052,0.125,0.155,0.023,0.048,0.132,0.161,0.028,0.059,0.162,0.209,0.057,0.088,0.225,0.351,0.069,0.126,0.292,0.49,0.086,0.194,0.369,0.611,0.152,0.459,0.564,0.738,0.192,0.547,0.775,1.067,0.303,0.774,1.08,1.511,0.239,0.703,0.796,1.168,0.259,0.415,0.608
七、其他综合收益,0.0,0.0,0.0,0.0,0.0,0.0,0.0,0.0,0.0,0.0,0.0,2993.73,-2078.91,-4701.77,-3823.06,-2096.07,-566.67,-1071.44,-2041.29,-2080.09,-598.54,-1122.26,-1704.72,-1352.34,-146.31,-1639.32,-1313.45,-1436.72,635.11,59414.41,61889.17,66387.87,66349.36,40829.49,15586.97,47449.61,-38694.47,-50687.31,-48318.39,-81096.73,-5188.73,-14590.18,-14600.96,-13085.72,1681.7,-2708.99,-4459.81,-6670.84,-580.52,118.44,3413.41
八、综合收益总额,0.0,0.0,0.0,0.0,0.0,0.0,0.0,0.0,0.0,0.0,3032.17,6486.65,-1622.19,-3693.89,-1075.68,1469.93,23.0,337.27,1307.35,2358.06,661.59,683.48,3525.26,7557.39,1454.66,1176.75,6321.48,12606.11,3059.61,64861.02,72559.67,83610.57,69982.44,52317.7,30192.28,67704.39,-34727.57,-13079.6,27283.38,38256.01,47633.04,115533.32,170094.12,250001.32,45091.56,126406.88,198957.4,286652.64,61175.26,140808.69,205748.16
归属于母公司所有者的综合收益总额,0.0,0.0,0.0,0.0,0.0,0.0,0.0,0.0,0.0,0.0,2578.47,6192.82,-1607.65,-3707.38,-1093.96,1226.08,17.76,154.67,1292.21,2223.03,579.44,684.68,2930.1,5879.22,1273.89,947.76,4696.66,8657.75,2398.33,63418.37,69498.76,78969.89,69472.37,50290.86,27216.66,62665.16,-34728.32,-24423.85,3794.41,150.38,26485.61,66194.5,98200.2,144675.91,27111.37,70630.21,111183.72,163271.45,37430.84,84749.4,126003.37
归属于少数股东的综合收益总额,0.0,0.0,0.0,0.0,0.0,0.0,0.0,0.0,0.0,0.0,453.7,293.83,-14.55,13.49,18.27,243.85,5.24,182.6,15.14,135.03,82.14,-1.21,595.16,1678.17,180.77,228.99,1624.82,3948.36,661.29,1442.65,3060.91,4640.68,510.07,2026.84,2975.62,5039.23,0.75,11344.25,23488.97,38105.63,21147.42,49338.82,71893.92,105325.41,17980.19,55776.68,87773.68,123381.19,23744.42,56059.29,79744.79
