报表日期,2007-03-31,2007-06-30,2007-09-30,2007-12-31,2008-03-31,2008-06-30,2008-09-30,2008-12-31,2009-03-31,2009-06-30,2009-09-30,2009-12-31,2010-03-31,2010-06-30,2010-09-30,2010-12-31,2011-03-31,2011-06-30,2011-09-30,2011-12-31,2012-03-31,2012-06-30,2012-09-30,2012-12-31,2013-03-31,2013-06-30,2013-09-30,2013-12-31,2014-03-31,2014-06-30,2014-09-30,2014-12-31,2015-03-31,2015-06-30,2015-09-30,2015-12-31,2016-03-31,2016-06-30,2016-09-30,2016-12-31,2017-03-31,2017-06-30,2017-09-30,2017-12-31,2018-03-31,2018-06-30,2018-09-30,2018-12-31,2019-03-31,2019-06-30,2019-09-30
一、营业总收入,185757.84,514309.37,738387.27,882234.72,230643.58,539508.38,746968.3,863547.54,179636.44,476476.61,746139.42,936179.78,281586.63,951701.46,1437805.72,1769032.36,463050.2,1073490.87,1534085.24,1848866.32,413592.54,996772.68,1524868.68,1895891.53,530492.75,1299287.0,1966994.71,2436002.13,639793.94,1539753.78,2198895.35,2653442.09,643077.21,1361114.86,1922736.16,2347160.29,576544.82,1312295.15,2043031.92,2673021.95,770896.66,1760635.74,2639428.73,3348759.04,897422.23,2037075.93,2880839.39,3601959.83,868676.35,1895027.53,2701007.58
营业收入,185757.84,485480.53,699014.29,882234.72,217105.95,504783.4,696424.84,863547.54,179636.44,476476.61,746139.42,936179.78,281586.63,951701.46,1437805.72,1769032.36,463050.2,1073490.87,1534085.24,1848866.32,413592.54,996772.68,1524868.68,1895891.53,530492.75,1299287.0,1966994.71,2436002.13,639793.94,1539753.78,2198895.35,2653442.09,643077.21,1361114.86,1922736.16,2347160.29,576544.82,1312295.15,2043031.92,2673021.95,770896.66,1760635.74,2639428.73,3348759.04,897422.23,2037075.93,2880839.39,3601959.83,868676.35,1895027.53,2701007.58
二、营业总成本,190349.25,512731.11,737094.3,898038.1,234737.22,537649.93,748317.42,891398.74,178847.06,460356.59,729272.64,929330.76,280551.34,941094.2,1432749.36,1797388.55,464903.82,1065264.95,1528606.86,1853078.78,404101.07,965315.54,1482252.66,1859193.64,515641.8,1242733.37,1874904.04,2353819.8,615727.05,1479637.63,2139240.46,2618331.84,637008.37,1346867.03,1922911.6,2368524.44,562238.27,1268124.22,1985802.38,2620650.62,753168.09,1726223.07,2594848.72,3315944.55,882430.18,1997144.72,2841176.43,3564110.01,845325.59,1850557.19,2661894.04
营业成本,158842.74,426050.48,613234.63,736847.91,194750.48,417871.67,583643.52,731302.61,139105.76,380631.21,602084.43,759890.92,244051.27,793469.55,1186179.13,1479673.18,394155.57,891055.64,1263059.07,1520289.41,337459.35,798212.65,1212518.03,1503403.35,425119.38,1025022.49,1544829.89,1903983.79,503924.86,1206274.38,1714178.79,2078471.3,512686.26,1080065.09,1521769.26,1844073.9,443466.61,1004425.82,1558048.19,2048665.31,623637.89,1434770.08,2127166.4,2696983.1,736846.23,1662463.33,2337252.67,2917152.48,696735.03,1509102.87,2149697.52
营业税金及附加,37.58,82.43,157.03,185.68,39.13,91.45,146.14,129.89,41.16,129.37,191.85,426.29,91.43,1088.76,1434.9,1994.02,1060.14,2660.31,4527.71,6315.11,1228.08,3238.75,7958.3,10521.87,4090.32,4958.6,7968.14,9963.95,2306.09,4744.24,7230.37,9832.39,1598.32,3088.63,6912.62,9716.0,1765.95,5395.57,8598.17,22279.45,5672.38,13507.47,23075.24,32530.12,5714.93,16107.13,23486.21,31163.74,7030.26,15066.37,22287.08
销售费用,20846.21,64874.75,92494.92,111692.36,27366.41,64610.83,85639.8,108149.85,28639.59,59709.95,96884.65,125451.26,26983.2,117764.04,202796.07,252371.91,54425.02,139964.44,212769.21,263621.19,49246.7,131027.11,213229.88,273189.44,68164.91,175402.15,275705.49,367812.22,91449.12,229018.89,353125.58,438869.02,101266.2,221083.7,334767.5,430888.15,94141.0,217236.91,352728.82,464073.73,99697.91,226738.88,365817.99,477175.67,112609.52,264387.35,395092.19,500594.43,111223.13,262488.35,393916.98
管理费用,7753.01,15912.87,24196.81,31151.61,8400.61,15866.58,23624.94,33705.52,7752.21,14744.23,23117.05,32587.76,7287.39,23333.29,35881.26,52934.38,13637.46,27503.41,41915.41,54764.99,14691.86,29972.76,45784.82,64089.35,17626.97,35420.03,53988.48,81445.26,19367.95,40393.13,60696.97,85693.18,21575.41,43023.27,64638.72,90523.77,23448.19,45809.13,70695.27,94674.59,24627.35,50828.82,77636.86,104473.47,26295.85,21408.03,32865.76,42569.35,12262.88,24100.41,36245.05
财务费用,2869.72,6593.83,8088.14,11917.93,3661.22,8049.47,10309.87,15126.92,2457.73,3454.79,5061.7,7438.26,1806.16,5268.16,5168.66,7459.57,1035.58,2852.64,5332.62,5600.4,1552.42,2529.8,2943.81,3899.96,683.29,1261.27,-770.48,-2747.44,-1131.19,-1498.66,-543.08,-396.62,-25.9,-2480.99,-7708.85,-7144.47,199.81,-3339.47,-4051.82,-8598.91,47.76,466.91,567.63,977.76,606.81,1326.71,3228.56,3461.06,712.23,1478.79,2019.63
资产减值损失,0.0,-783.25,-1077.22,6242.6,519.37,350.39,361.3,2983.96,850.62,1687.05,1932.96,3536.27,331.89,170.4,1289.34,2955.48,590.05,1228.52,1002.84,2487.67,-77.34,334.46,-182.17,4089.67,-43.06,668.84,-6817.49,-6637.98,-189.79,705.65,4551.82,5862.57,-91.91,2087.33,2532.34,467.09,-783.29,-1403.75,-216.25,-443.55,-515.19,-89.09,584.59,3804.44,356.83,-350.79,-182.49,255.02,-730.43,-250.58,0.0
公允价值变动收益,0.0,0.0,0.0,310.46,0.0,-171.95,-175.74,-1105.87,772.32,148.02,106.98,1230.08,574.64,1537.05,448.58,1763.29,389.21,-670.35,658.69,496.19,-539.41,-1409.3,-2413.87,-1663.75,2383.24,3590.87,5012.58,5659.63,-8327.96,-9047.52,-6072.57,-7433.91,4922.87,5311.38,1388.97,-253.91,270.37,905.09,987.3,1946.28,29.08,-1476.63,-1219.39,-998.61,105.43,-244.36,-564.45,-226.75,268.22,226.66,209.68
投资收益,-100.15,-96.56,-201.48,675.65,-693.33,-173.21,-198.7,-1973.02,-717.42,-232.06,315.2,-164.28,3076.14,10856.32,19173.21,39487.93,3168.2,9939.61,13598.01,13856.06,3295.67,10010.7,18260.12,33525.44,6447.46,15405.6,25197.18,34702.51,6996.67,18676.02,28375.06,37550.12,16541.72,29051.29,37900.28,53017.17,6093.4,19051.91,36721.98,52207.91,15415.15,36625.17,138992.59,156239.76,15685.76,41875.28,63341.76,82868.51,19647.93,49800.78,77619.79
其中:对联营企业和合营企业的投资收益,0.0,-96.56,-201.48,0.0,246.2,786.12,766.81,0.0,105.25,526.44,1062.37,435.63,2176.58,2053.55,5070.81,7680.77,1038.7,3625.87,6589.45,9433.76,2282.71,7611.49,13628.06,19009.7,3827.48,11956.13,21400.8,29978.58,4616.32,14158.92,23021.64,31151.69,2933.5,12781.18,20395.27,32943.67,6462.87,18997.8,36115.19,53444.42,13792.79,33109.03,57391.02,73594.49,15165.48,38082.12,59508.1,78379.26,19037.37,48737.49,70522.77
汇兑收益,0.0,0.0,0.0,0.0,0.0,0.0,0.0,0.0,0.0,0.0,0.0,0.0,0.0,0.0,0.0,0.0,0.0,0.0,0.0,0.0,0.0,0.0,0.0,0.0,0.0,0.0,0.0,0.0,0.0,0.0,0.0,0.0,0.0,0.0,0.0,0.0,0.0,0.0,0.0,0.0,0.0,0.0,0.0,0.0,0.0,0.0,0.0,0.0,0.0,0.0,0.0
三、营业利润,-4691.56,1481.7,1091.48,-14817.27,-4786.97,1513.3,-1723.56,-30930.09,844.28,16035.97,17288.96,7914.82,4686.07,23000.63,24678.15,12895.03,1703.79,17495.19,19735.08,10139.79,12247.73,40058.55,58462.26,68559.58,23681.65,75550.1,122300.43,122544.47,22735.59,69744.63,81957.39,65226.47,27533.43,48610.5,39113.81,31399.11,20670.31,64127.93,94938.83,106525.52,33172.8,73084.36,188962.79,201017.6,35860.92,90644.91,128989.28,150872.89,49095.49,105304.35,146362.98
加:营业外收入,6513.8,9260.26,10909.99,46367.94,6149.1,6802.48,8600.7,10634.51,492.23,3116.5,4681.27,9253.86,548.58,14819.23,29081.21,51875.71,9049.32,12637.96,15895.78,15872.17,793.37,1158.85,5088.95,6465.19,1018.6,1397.95,6251.54,11484.04,1266.58,4775.62,5655.07,12436.22,513.25,10169.24,14770.66,32684.85,1474.48,5693.18,10774.26,24309.26,3034.44,10142.98,11338.92,23769.27,791.34,4701.31,5652.07,7402.01,1186.18,6674.51,7686.82
减：营业外支出,159.5,1141.08,2690.96,8929.91,344.08,595.53,1376.84,2528.56,310.86,1313.4,1897.44,1870.0,186.1,1414.63,1730.99,1999.89,453.25,896.46,1516.33,1342.0,102.73,471.08,530.75,739.37,23.5,445.84,836.93,1753.67,190.54,367.58,163.12,539.12,777.91,934.76,1462.51,1718.54,191.7,165.1,408.95,3800.63,372.28,891.31,1233.58,1557.74,648.64,1189.63,1437.56,1784.31,658.72,1084.19,2211.58
其中：非流动资产处置损失,0.0,670.68,825.57,0.0,42.86,234.27,466.51,0.0,211.16,725.02,1052.97,1288.36,77.77,228.32,296.11,503.9,91.03,264.16,544.63,732.41,24.73,198.59,223.59,271.11,16.39,143.62,649.22,1171.4,156.29,249.66,322.2,396.7,651.04,733.5,1202.55,1371.0,41.05,76.02,276.58,417.22,361.96,789.33,1142.61,833.01,80.87,0.0,0.0,0.0,0.0,0.0,0.0
四、利润总额,1662.74,9600.87,9310.52,22620.75,1018.05,7720.25,5500.29,-22824.13,1025.65,17839.07,20072.79,15298.68,5048.55,36405.24,52028.37,62770.86,10299.86,29236.7,34114.53,24669.96,12938.36,40746.32,63020.46,74285.4,24676.76,76502.22,127715.04,132274.83,23811.63,74152.67,87449.34,77123.56,27268.77,57844.98,52421.96,62365.42,21953.09,69656.01,105304.14,127034.15,35834.96,82336.03,199068.13,223229.14,36003.62,94156.59,133203.79,156490.59,49622.95,110894.67,151838.21
减：所得税费用,6.79,-58.45,30.17,1086.74,0.0,716.36,716.36,408.47,391.1,2231.11,1747.59,419.18,395.06,1609.74,2592.71,3158.83,350.35,768.82,1470.43,2125.04,109.97,562.12,847.02,1054.84,566.04,1989.53,4920.02,5361.89,559.37,10311.07,10678.14,5972.51,4161.76,6438.03,7589.19,7937.78,4935.82,10593.23,14352.22,12874.77,7919.81,11799.25,20208.76,18106.71,5397.67,11167.59,12647.92,14183.15,6352.81,12241.45,13861.03
五、净利润,1655.95,9659.32,9280.34,21534.01,1018.05,7003.89,4783.94,-23232.61,634.55,15607.96,18325.19,14879.5,4653.49,34795.5,49435.66,59612.03,9949.51,28467.87,32644.1,22544.92,12828.39,40184.2,62173.44,73230.56,24110.72,74512.69,122795.02,126912.94,23252.26,63841.6,76771.19,71151.05,23107.02,51406.95,44832.77,54427.64,17017.27,59062.78,90951.91,114159.38,27915.16,70536.78,178859.37,205122.43,30605.95,82988.99,118192.6,142307.44,43270.14,98653.22,137977.18
归属于母公司所有者的净利润,2106.93,11737.5,12246.1,25039.54,1093.51,7066.88,5011.64,-22670.16,556.75,15560.41,18270.7,15019.8,4529.88,32939.15,46876.53,58527.77,10633.16,28583.87,32841.95,22701.51,12658.1,37987.06,59499.59,71776.47,23188.18,70681.26,117821.47,123900.51,22664.59,60976.97,71187.24,67247.86,22450.01,50571.77,45970.06,58033.51,14636.1,55927.95,86337.41,108773.21,25625.81,67209.89,172964.62,199753.01,28798.68,80295.8,114689.03,137745.72,42164.49,95974.65,134895.56
少数股东损益,-450.99,-2078.17,-2965.76,-3505.53,-75.46,-62.99,-227.71,-562.44,77.8,47.55,54.5,-140.3,123.61,1856.35,2559.13,1084.26,-683.65,-116.0,-197.85,-156.59,170.3,2197.13,2673.85,1454.09,922.54,3831.43,4973.56,3012.43,587.67,2864.63,5583.95,3903.19,657.01,835.18,-1137.29,-3605.87,2381.17,3134.83,4614.5,5386.16,2289.34,3326.89,5894.76,5369.42,1807.27,2693.19,3503.57,4561.72,1105.65,2678.57,3081.62
基本每股收益(元/股),0.02,0.1183,0.1234,0.2524,0.011,0.0712,0.0505,-0.2285,0.0056,0.1569,0.1842,0.1514,0.0457,0.2481,0.3508,0.4365,0.0785,0.2111,0.2425,0.1677,0.0935,0.2805,0.4394,0.5301,0.1712,0.522,0.87,0.92,0.1674,0.45,0.53,0.5,0.17,0.37,0.34,0.43,0.11,0.41,0.63,0.8,0.19,0.49,1.27,1.47,0.21,0.59,0.86,1.01,0.31,0.7,0.99
稀释每股收益(元/股),0.02,0.1183,0.1234,0.2524,0.011,0.0712,0.0505,-0.2285,0.0056,0.1569,0.1842,0.1514,0.0457,0.2481,0.3508,0.4365,0.0785,0.2111,0.2425,0.1677,0.0935,0.2805,0.4394,0.5301,0.1712,0.522,0.87,0.92,0.1674,0.45,0.53,0.5,0.17,0.37,0.34,0.43,0.11,0.41,0.63,0.8,0.19,0.49,1.27,1.47,0.21,0.59,0.86,1.01,0.31,0.7,0.99
七、其他综合收益,0.0,0.0,0.0,0.0,0.0,0.0,0.0,0.0,0.0,0.0,21.29,-775.33,-2.74,117.55,208.91,-2659.66,56.98,-201.2,-75.03,-936.5,170.7,-10.48,128.42,-1549.46,-424.87,-441.95,-446.92,-381.77,-14.6,-25.95,-44.21,-35.95,-2909.09,-3023.02,-2526.02,-2850.86,57.07,96.2,121.17,279.24,-482.09,-137.86,-167.92,-670.55,-402.64,-3.53,456.44,361.9,144.77,572.27,783.91
八、综合收益总额,0.0,9659.32,9280.34,0.0,0.0,0.0,0.0,0.0,0.0,0.0,18346.48,14104.17,4650.75,34913.04,49644.57,56952.37,10006.49,28266.67,32569.07,21608.42,12999.1,40173.72,62301.86,71681.1,23685.85,74070.74,122348.11,126531.17,23237.66,63815.65,76726.98,71115.1,20197.92,48383.93,42306.75,51576.78,17074.34,59158.98,91073.08,114438.62,27433.07,70398.91,178691.45,204451.87,30203.31,82985.46,121012.31,142669.33,43414.91,99225.49,138761.09
归属于母公司所有者的综合收益总额,0.0,0.0,0.0,0.0,0.0,0.0,0.0,0.0,0.0,0.0,18291.99,14244.46,4527.14,33056.69,47085.44,55868.11,10690.15,28382.67,32766.92,21765.01,12828.8,37976.58,59628.01,70227.01,22763.31,70239.3,117374.55,123518.74,22649.99,60951.02,71143.03,67211.92,19540.92,47548.75,43444.04,55182.65,14693.17,56024.15,86458.58,109052.46,25143.72,67072.02,172796.69,199062.55,28396.04,80292.27,115487.95,138106.28,42309.26,96546.92,135679.47
归属于少数股东的综合收益总额,0.0,0.0,0.0,0.0,0.0,0.0,0.0,0.0,0.0,0.0,54.5,-140.3,123.61,1856.35,2559.13,1084.26,-683.65,-116.0,-197.85,-156.59,170.3,2197.13,2673.85,1454.09,922.54,3831.43,4973.56,3012.43,587.67,2864.63,5583.95,3903.19,657.01,835.18,-1137.29,-3605.87,2381.17,3134.83,4614.5,5386.16,2289.34,3326.89,5894.76,5389.32,1807.27,2693.19,3503.57,4563.06,1105.65,2678.57,3081.62
