报表日期,2007-03-31,2007-06-30,2007-09-30,2007-12-31,2008-03-31,2008-06-30,2008-09-30,2008-12-31,2009-03-31,2009-06-30,2009-09-30,2009-12-31,2010-03-31,2010-06-30,2010-09-30,2010-12-31,2011-03-31,2011-06-30,2011-09-30,2011-12-31,2012-03-31,2012-06-30,2012-09-30,2012-12-31,2013-03-31,2013-06-30,2013-09-30,2013-12-31,2014-03-31,2014-06-30,2014-09-30,2014-12-31,2015-03-31,2015-06-30,2015-09-30,2015-12-31,2016-03-31,2016-06-30,2016-09-30,2016-12-31,2017-03-31,2017-06-30,2017-09-30,2017-12-31,2018-03-31,2018-06-30,2018-09-30,2018-12-31,2019-03-31,2019-06-30,2019-09-30,2019-12-31,2020-03-31,2020-06-30,2020-09-30,2020-12-31,2021-03-31
一、营业总收入,78860.78,158597.35,241698.19,303065.32,63586.52,119990.6,171746.81,203947.76,38807.89,84562.03,138850.73,197169.46,38573.07,64894.72,101115.96,164393.15,27718.94,60039.24,94738.13,127241.95,25051.08,52838.97,86651.36,133733.69,31074.37,81387.47,116193.21,141778.07,8152.6,17536.38,28175.47,39664.84,9996.6,19839.7,31219.91,862741.16,210485.84,492694.24,754215.19,1021313.43,242041.47,564066.65,872957.68,1201355.32,295958.21,710997.56,1087659.17,1455128.51,261095.87,571674.5,890584.72,1213594.81,193842.33,461082.54,787545.84,1209710.61,359292.86
营业收入,78860.78,158597.35,241698.19,303065.32,63586.52,119990.6,171746.81,203947.76,38807.89,84562.03,138850.73,197169.46,38573.07,64894.72,101115.96,164393.15,27718.94,60039.24,94738.13,127241.95,25051.08,52838.97,86651.36,133733.69,31074.37,81387.47,116193.21,141778.07,8152.6,17536.38,28175.47,39664.84,9996.6,19839.7,31219.91,862741.16,210485.84,492694.24,754215.19,1021313.43,242041.47,564066.65,872957.68,1201355.32,295958.21,710997.56,1087659.17,1455128.51,261095.87,571674.5,890584.72,1213594.81,193842.33,461082.54,787545.84,1209710.61,359292.86
二、营业总成本,77816.28,157950.28,241212.85,302317.6,62959.52,119149.86,172398.5,205966.03,39103.04,84785.43,139012.62,205852.68,38656.35,64655.95,100968.23,163477.11,27687.0,59765.72,94184.37,133539.22,25960.09,54400.49,86782.92,133267.54,31958.82,84476.91,121473.76,154194.08,8281.8,17723.65,28583.72,39768.36,10045.97,19899.61,31439.0,512915.21,135564.46,304463.66,459697.33,591074.45,141570.87,307925.13,461383.3,625112.45,167517.08,371765.8,583609.14,862693.55,248503.43,488877.62,734083.2,989307.43,175722.52,356294.44,521312.1,732090.6,207184.56
营业成本,73378.45,149320.14,227956.43,284252.61,60106.13,114327.37,162923.05,193336.42,37307.85,80822.27,132960.7,191722.87,36515.54,60608.7,94092.44,152991.55,25229.27,54216.33,86904.46,118177.75,23615.96,49228.44,78982.95,123133.53,28743.52,77854.62,110361.05,139616.1,7487.02,16187.84,25965.19,35606.76,8930.86,17919.78,27711.08,253976.32,72936.7,150216.19,225573.93,301910.67,78424.27,164661.02,241952.9,327673.1,91925.85,200392.31,334562.01,491649.2,165686.93,331499.48,498276.24,664960.41,121059.67,226650.93,323045.22,444694.91,123153.33
营业税金及附加,50.06,118.92,186.1,307.82,55.9,80.54,101.55,161.41,174.5,204.14,236.6,296.83,73.11,116.53,138.03,247.06,60.03,247.88,290.09,512.58,35.25,69.29,82.61,156.63,101.72,118.93,131.13,142.16,23.2,49.08,68.45,108.53,22.83,60.93,144.66,31046.54,6838.06,16260.59,23687.83,35917.04,8007.09,18230.28,28575.15,39823.2,10107.78,21761.15,31178.61,43191.85,8013.46,17244.76,22581.73,28286.06,3624.22,2578.57,3993.72,6343.57,2144.27
销售费用,2445.22,4353.34,6154.01,8591.19,1273.43,3153.66,6736.68,6718.25,631.57,1485.78,2793.3,5409.92,875.59,1666.63,3114.05,4364.46,1142.08,2466.21,3479.97,6337.42,1053.4,2365.77,3086.33,4733.81,1237.68,2472.43,4309.53,6071.51,116.47,135.44,182.79,839.72,160.42,362.34,606.74,172933.24,42930.91,100310.94,154022.64,194438.51,43454.31,101521.2,152289.86,199753.14,51809.78,119616.78,169683.0,233100.43,48607.87,105717.23,163612.35,225625.59,36796.9,88256.98,145529.19,215027.61,68120.28
管理费用,1809.47,3069.69,4911.93,5879.79,1063.73,1786.78,3559.11,4681.92,789.47,1691.23,2962.62,6853.41,1036.75,1869.79,3184.81,5233.01,1235.93,2693.83,3494.56,7274.74,1239.55,2421.83,4331.51,6845.51,1687.17,2815.92,5304.31,6458.73,590.99,1274.23,2252.45,2984.02,862.69,1517.66,2831.5,43632.4,9463.15,21609.83,34009.51,46921.78,11893.63,24359.51,39124.44,52597.0,13826.41,29338.29,32209.36,41219.72,13065.08,26863.18,39618.43,57607.22,12038.15,36296.61,48844.34,68430.63,12567.36
财务费用,133.08,351.66,684.63,1071.8,280.65,-668.48,-1261.67,-778.31,142.13,218.51,92.29,136.86,84.19,165.62,136.18,90.86,-65.3,-48.44,-106.23,-207.21,15.92,130.04,152.8,9.87,167.66,270.98,299.43,378.29,42.83,18.01,59.95,78.17,20.32,26.1,26.34,-12933.04,-2906.05,-7584.02,-10158.36,-14206.32,-4888.48,-11281.79,-14850.55,-12834.34,-2841.12,-5593.9,-8047.81,-9365.53,-79.23,-490.23,-2053.95,-1968.99,-1132.87,-2708.31,-7555.83,-12660.58,-1609.9
资产减值损失,0.0,736.52,1319.77,2214.39,179.68,469.98,339.78,1846.35,57.52,363.52,-32.9,1432.78,71.17,228.68,302.72,550.17,84.99,189.93,121.52,1443.93,0.0,185.12,146.72,-1611.81,21.06,944.03,1068.31,1527.29,21.29,59.06,54.88,151.15,48.85,12.8,118.68,24259.75,6301.7,23650.14,32561.78,26092.77,4680.06,10434.92,14291.5,18100.34,2688.37,6251.17,12033.53,40004.05,8408.6,0.0,0.0,0.0,0.0,0.0,0.0,0.0,0.0
公允价值变动收益,9.94,0.0,0.0,287.0,-317.21,-768.21,-938.7,-334.11,82.72,6.82,47.05,254.63,66.57,-47.82,72.57,-8.03,25.26,-480.89,-791.0,-334.35,-18.68,-113.99,-156.85,-168.48,-2.1,-130.39,93.27,143.91,-68.76,-27.3,159.43,216.9,112.23,107.8,0.0,0.0,0.0,0.0,0.0,0.0,0.0,0.0,0.0,0.0,0.0,0.0,0.0,0.0,2002.13,-455.97,-5050.13,-5748.72,-167.01,1900.92,1531.87,4699.66,-863.5
投资收益,0.0,100.56,584.99,3653.38,0.0,56.33,56.0,-378.1,286.34,415.98,369.68,517.55,140.75,8.92,95.55,392.48,100.43,412.28,429.08,-307.46,2.4,631.73,574.1,815.37,0.01,111.29,30.19,617.9,-17.2,112.72,158.33,291.5,-67.53,-11.7,-386.02,-65.74,-50.95,7.4,7.4,7.4,0.0,529.24,426.77,74879.74,96.97,14994.06,16978.54,16834.36,4064.9,7113.51,19899.13,21813.44,-7285.62,2688.52,16058.69,30970.85,12038.37
其中:对联营企业和合营企业的投资收益,0.0,0.0,0.0,0.0,0.0,0.0,0.0,0.0,0.0,0.0,0.0,0.0,0.0,0.0,0.0,0.0,0.0,0.0,0.0,-37.18,0.0,0.0,0.0,0.0,0.0,0.0,0.0,0.0,0.0,0.0,0.0,0.0,0.0,0.0,0.0,-65.74,0.0,0.0,0.0,7.4,0.0,0.0,0.0,-532.54,0.0,-2181.18,-2271.02,-2794.03,1180.61,1173.24,9161.81,9623.18,-9876.48,-3556.58,6487.04,18753.09,10573.68
汇兑收益,0.0,0.0,0.0,0.0,0.0,0.0,0.0,0.0,0.0,0.0,0.0,0.0,0.0,0.0,0.0,0.0,0.0,0.0,0.0,0.0,0.0,0.0,0.0,0.0,0.0,0.0,0.0,0.0,0.0,0.0,0.0,0.0,0.0,0.0,0.0,0.0,0.0,0.0,0.0,0.0,0.0,0.0,0.0,0.0,0.0,0.0,0.0,0.0,0.0,0.0,0.0,0.0,0.0,0.0,0.0,0.0,0.0
三、营业利润,1054.44,747.63,1070.32,4688.1,309.79,128.86,-1534.4,-2730.48,73.91,199.4,254.84,-7911.04,124.05,199.86,315.85,1300.48,157.62,204.9,191.84,-6939.07,-925.29,-1043.78,285.69,1113.05,-886.54,-3108.54,-5157.09,-11654.2,-215.16,-101.85,-90.49,404.88,-4.66,36.2,-605.12,349760.21,74870.43,188237.98,294525.26,430246.38,100470.6,308950.94,476362.62,724414.42,145529.45,406429.49,581285.43,695328.78,42624.29,97846.53,173138.76,236601.57,7380.63,107925.66,279879.64,508003.9,172648.45
加:营业外收入,0.0,0.9,1.48,875.28,0.6,1.38,2844.58,3032.86,10.65,16.26,18.0,294.25,29.7,46.03,10.27,101.95,13.29,63.03,102.61,119.32,12.0,16.38,23.12,49.9,76.24,546.55,646.59,699.35,2.33,206.47,232.85,269.59,110.24,12.11,367.46,47721.42,4216.08,41469.3,82804.78,104006.41,41586.03,494.92,600.36,385.35,5.81,106.89,676.02,449.31,23.19,36.76,93.87,99.52,14.19,57.86,946.36,1219.29,99.2
减：营业外支出,3.27,7.58,11.68,90.03,2.98,13.01,16.2,21.55,0.24,1.62,1.71,3.74,7.0,8.88,14.47,51.0,7.74,7.77,31.47,226.74,0.28,0.28,1.29,2.09,1.5,3.58,28.49,210.89,197.67,0.0,9.51,11.62,0.0,0.0,32.82,686.06,738.61,2286.86,2383.16,2627.03,667.2,1653.37,1819.66,1627.31,552.44,739.19,984.71,1584.87,1100.24,2273.33,3244.82,1884.59,260.21,1736.31,2752.92,4485.96,444.34
其中：非流动资产处置损失,0.0,0.0,0.0,45.68,0.0,0.0,0.0,0.0,0.0,0.0,0.0,0.25,0.0,0.0,0.0,6.39,6.39,6.39,0.0,7.74,0.0,0.28,0.0,0.0,0.0,0.0,0.0,197.67,197.67,0.0,0.0,1.22,1.22,0.0,30.46,235.95,0.0,93.66,152.49,228.4,0.0,156.78,315.93,0.0,0.0,0.0,0.0,0.0,0.0,0.0,0.0,0.0,0.0,0.0,0.0,0.0,0.0
四、利润总额,1051.17,740.96,1060.12,5473.35,307.41,117.23,1293.98,280.83,84.32,214.05,271.13,-7620.53,146.75,237.01,311.64,1351.44,163.17,260.16,262.98,-7046.49,-913.57,-1027.68,307.52,1160.86,-811.8,-2565.57,-4538.99,-11165.75,-212.82,104.62,132.85,662.86,105.58,48.32,-270.49,396795.57,78347.9,227420.43,374946.88,531625.76,141389.43,307792.48,475143.32,723172.46,144982.82,405797.19,580976.74,694193.23,41547.24,95609.96,169987.81,234816.5,7134.61,106247.21,278073.08,504737.23,172303.31
减：所得税费用,111.98,153.07,118.11,233.25,111.4,29.31,327.54,-160.68,11.09,96.47,122.5,-812.41,63.02,92.3,95.36,367.34,55.82,66.07,90.33,-1570.3,0.15,-73.08,76.88,482.32,0.0,-387.25,-519.14,1399.11,0.0,34.77,30.21,3.73,0.0,23.02,0.0,58218.28,14231.92,38139.44,61601.65,86840.41,31281.9,55450.55,85095.38,125832.94,25001.71,72400.41,102116.05,114970.51,8449.31,19573.24,36606.17,49308.59,3710.26,24541.23,58225.72,104647.65,34910.52
五、净利润,939.19,587.88,942.01,5240.1,196.01,87.92,966.43,441.51,73.23,117.58,148.62,-6808.11,83.73,144.71,216.28,984.09,107.35,194.09,172.64,-5476.19,-913.72,-954.6,230.64,678.54,-811.8,-2178.33,-4019.85,-12564.85,-212.82,69.85,102.64,659.13,105.58,25.3,-270.49,338577.28,64115.98,189280.99,313345.23,444785.35,110107.53,252341.94,390047.94,597339.52,119981.11,333396.78,478860.68,579222.72,33097.93,76036.71,133381.64,185507.91,3424.35,81705.98,219847.36,400089.58,137392.79
归属于母公司所有者的净利润,939.19,583.44,930.92,5232.39,200.21,85.25,962.63,446.97,74.86,122.51,147.61,-6821.1,83.8,144.51,212.88,969.77,106.6,191.11,169.66,-5476.74,-889.68,-909.89,231.43,819.64,-805.5,-2166.6,-3938.16,-12367.45,-212.82,69.85,102.64,659.13,105.58,25.3,-270.49,338914.2,64943.07,190117.15,314704.78,445121.17,110676.14,253295.49,391653.76,600470.68,120746.02,334696.0,480976.08,582297.48,34037.84,77792.4,136034.75,187527.67,3788.72,82339.91,220239.36,400383.56,136821.15
少数股东损益,-0.64,4.45,11.1,7.72,-4.2,2.67,3.8,-5.46,-1.63,-4.94,1.01,12.98,-0.07,0.2,3.4,14.32,0.75,2.98,2.99,0.55,-24.03,-44.71,-0.79,-141.1,-6.29,-11.73,-81.69,-197.4,0.0,0.0,0.0,0.0,0.0,0.0,0.0,-336.92,-827.09,-836.16,-1359.55,-335.82,-568.61,-953.55,-1605.82,-3131.16,-764.9,-1299.22,-2115.4,-3074.76,-939.91,-1755.69,-2653.11,-2019.76,-364.37,-633.93,-392.0,-293.99,571.64
基本每股收益(元/股),0.03,0.019,0.0309,0.17,0.01,0.0028,0.0318,0.01,0.002,0.0041,0.0049,-0.23,0.0028,0.0048,0.0069999999999999,0.03,0.0035,0.0063,0.0056,-0.18,-0.03,-0.0301,0.0077,0.03,-0.03,-0.0717,-0.1303,-0.41,-0.0069999999999999,0.0023,0.0034,0.02,0.003,0.0008,-0.0089,7.55,0.1578,0.45,0.37,0.52,0.1267,0.29,0.32,0.49,0.0987,0.23,0.3277,0.4,0.02,0.05,0.094,0.13,0.0026,0.057,0.1526,0.2774,0.0948
稀释每股收益(元/股),0.03,0.019,0.0309,0.17,0.01,0.0028,0.0318,0.01,0.002,0.0041,0.0049,-0.23,0.0028,0.0048,0.0069999999999999,0.03,0.0035,0.0063,0.0056,-0.18,-0.03,-0.0301,0.0077,0.03,-0.03,-0.0717,-0.1303,-0.41,-0.0069999999999999,0.0023,0.0034,0.02,0.003,0.0008,-0.0089,7.55,0.1578,0.45,0.37,0.52,0.1267,0.29,0.32,0.49,0.0987,0.23,0.3277,0.4,0.02,0.05,0.094,0.13,0.0026,0.057,0.1526,0.2774,0.0948
七、其他综合收益,0.0,0.0,0.0,0.0,0.0,0.0,0.0,-152.91,-1.33,-1.09,0.0,-2.03,13.51,358.27,358.27,358.27,0.0,0.0,0.0,0.0,0.0,0.0,0.0,-0.21,-1.42,260.26,-9.83,0.0,0.0,0.0,0.0,0.0,0.0,0.0,0.0,-9.48,0.0,1864.43,2175.46,4301.14,0.0,-1192.62,-1775.28,-3269.99,-538.04,1627.85,-2003.18,-5942.78,-1254.98,3356.91,7497.48,-19177.52,-2295.69,-2351.31,12344.97,8366.17,9622.82
八、综合收益总额,0.0,0.0,0.0,0.0,0.0,0.0,966.43,288.6,71.9,116.49,148.62,-6810.15,97.24,502.98,574.55,1342.36,107.35,194.09,172.64,-5476.19,-913.72,-954.6,230.64,678.33,-813.22,-1918.07,-4029.67,-12564.85,-212.82,69.85,102.64,659.13,105.58,25.3,-270.49,338567.8,64115.98,191145.42,315520.69,449086.49,110107.53,251149.31,388272.66,594069.53,119443.07,335024.63,476857.51,573279.94,31842.95,79393.63,140879.13,166330.39,1128.66,79354.67,232192.33,408455.74,147015.61
归属于母公司所有者的综合收益总额,0.0,0.0,0.0,0.0,0.0,0.0,962.63,294.06,73.53,121.42,147.61,-6823.13,97.32,502.78,571.15,1328.04,106.6,191.11,169.66,-5476.74,-889.68,-909.89,231.43,819.43,-806.93,-1906.34,-3947.99,-12367.45,-212.82,69.85,102.64,659.13,105.58,25.3,-270.49,338904.72,64943.07,191981.58,316880.24,449422.31,110676.14,252102.86,389878.48,597200.69,120207.98,336323.86,478972.91,576172.19,32924.89,81277.99,143629.95,168338.05,1729.39,80081.52,232852.92,408904.1,146707.15
归属于少数股东的综合收益总额,0.0,0.0,0.0,0.0,0.0,0.0,3.8,-5.46,-1.63,-4.94,1.01,12.98,-0.07,0.2,3.4,14.32,0.75,2.98,2.99,0.55,-24.03,-44.71,-0.79,-141.1,-6.29,-11.73,-81.69,-197.4,0.0,0.0,0.0,0.0,0.0,0.0,0.0,-336.92,-827.09,-836.16,-1359.55,-335.82,-568.61,-953.55,-1605.82,-3131.16,-764.9,-1299.22,-2115.4,-2892.25,-1081.94,-1884.37,-2750.82,-2007.66,-600.73,-726.84,-660.58,-448.36,308.45
