报表日期,2007-03-31,2007-06-30,2007-09-30,2007-12-31,2008-03-31,2008-06-30,2008-09-30,2008-12-31,2009-03-31,2009-06-30,2009-09-30,2009-12-31,2010-03-31,2010-06-30,2010-09-30,2010-12-31,2011-03-31,2011-06-30,2011-09-30,2011-12-31,2012-03-31,2012-06-30,2012-09-30,2012-12-31,2013-03-31,2013-06-30,2013-09-30,2013-12-31,2014-03-31,2014-06-30,2014-09-30,2014-12-31,2015-03-31,2015-06-30,2015-09-30,2015-12-31,2016-03-31,2016-06-30,2016-09-30,2016-12-31,2017-03-31,2017-06-30,2017-09-30,2017-12-31,2018-03-31,2018-06-30,2018-09-30,2018-12-31,2019-03-31,2019-06-30,2019-09-30,2019-12-31,2020-03-31,2020-06-30,2020-09-30,2020-12-31,2021-03-31,2021-06-30,2021-09-30,2021-12-31,2022-03-31,2022-06-30,2022-09-30
一、营业总收入,37382.54,81480.87,120969.54,174787.54,81753.63,193620.18,287072.11,331396.23,52320.81,121584.74,200156.15,289822.52,83101.84,162438.71,241149.33,344526.36,95175.77,203221.92,292557.86,380399.17,94771.07,187514.09,272366.59,363141.75,102051.69,201844.01,287751.77,423763.51,96409.87,213049.79,303019.95,416420.92,95767.56,193135.81,283126.94,382254.3,108661.43,230266.63,342238.11,469627.73,122798.78,260802.24,409217.13,623510.82,304545.1,465116.99,671942.72,868338.17,183604.51,386737.57,576552.68,762098.29,261961.71,529027.42,747332.87,1031408.44,374383.18,725422.16,1051629.66,1479798.91,430799.17,821503.93,1191001.81
营业收入,37382.54,81480.87,120969.54,174787.54,81753.63,193620.18,287072.11,331396.23,52320.81,121584.74,200156.15,289822.52,83101.84,162438.71,241149.33,344526.36,95175.77,203221.92,292557.86,380399.17,94771.07,187514.09,272366.59,363141.75,102051.69,201844.01,287751.77,423763.51,96409.87,213049.79,303019.95,416420.92,95767.56,193135.81,283126.94,382254.3,108661.43,230266.63,342238.11,469627.73,122798.78,260802.24,409217.13,623510.82,304545.1,465116.99,671942.72,868338.17,183604.51,386737.57,576552.68,762098.29,261961.71,529027.42,747332.87,1031408.44,374383.18,725422.16,1051629.66,1479798.91,430799.17,821503.93,1191001.81
二、营业总成本,37500.09,80942.67,118162.58,164468.19,48843.98,92280.28,132814.5,167665.68,36388.83,78699.2,120743.47,169914.26,51703.75,95089.83,142585.77,212879.0,61480.13,129805.8,185757.42,249920.56,59380.83,120803.74,180669.91,249962.26,78096.39,151470.26,214086.22,320168.81,71701.45,146640.58,218914.65,315379.41,86376.63,173943.07,252885.93,341017.37,89287.16,167497.56,241604.64,328615.22,96670.27,196867.73,309792.27,420353.89,126060.23,228211.33,384966.92,528729.28,129266.36,264849.41,393448.69,531505.76,156202.01,278917.66,419087.27,642797.44,241704.29,455516.78,676885.97,992716.93,297578.15,572888.45,853402.75
营业成本,32056.74,69167.47,101009.11,138895.92,38466.37,70623.26,99574.04,116900.67,26598.41,63561.59,97210.57,130464.52,41618.86,70110.26,109785.54,165923.43,52400.46,108874.48,152108.68,201210.79,50957.78,99746.91,148871.79,204504.47,65174.99,126984.55,178651.73,262762.67,58407.17,119706.06,175559.6,249955.39,69150.93,141337.99,207629.73,278209.16,71417.53,133039.63,191404.01,256287.11,75028.68,148757.06,234144.17,308830.46,80897.06,164914.12,295373.85,404869.71,98046.46,206424.85,306538.14,401767.61,128355.11,213284.15,310549.7,472726.4,194149.26,375532.5,559350.75,821229.29,251809.45,494512.28,739720.6
营业税金及附加,89.19,290.99,447.99,831.5,369.3,1088.78,1942.3,3162.41,402.87,916.64,1390.76,2337.87,789.5,1210.62,1788.55,2518.12,847.1,1892.98,2811.61,3019.58,997.0,1769.31,2518.04,2900.22,1507.56,1287.74,2226.21,6042.22,740.5,1772.63,2736.39,4003.34,994.24,1812.46,2959.93,3985.91,890.44,2292.78,3416.88,7467.43,1872.89,4289.37,6176.64,9678.71,4434.22,7676.98,10610.9,14373.72,1989.48,4139.96,6158.01,9687.66,2429.32,5014.3,7823.96,11479.32,2962.48,6079.43,8826.99,13162.48,2987.19,5161.07,8026.61
销售费用,1517.09,3182.69,4480.45,6058.67,2042.6,4087.84,5838.93,7289.43,1059.77,2108.44,3808.45,7174.59,1524.91,4080.22,6091.59,9650.08,2066.76,4392.26,6905.41,8548.97,1399.45,3220.34,4506.87,6528.98,1847.59,4028.11,6065.01,9790.85,3065.51,5621.28,7866.61,11536.28,3774.28,8803.46,11898.29,15713.71,3596.82,7440.01,10702.31,14941.66,4110.54,8547.12,16991.13,21138.7,6002.54,12343.78,19146.95,25209.72,5168.86,11515.4,17529.03,23208.35,4298.04,13080.56,20250.16,31295.79,11187.26,5547.96,8886.41,10703.71,2279.01,5727.79,8898.26
管理费用,2308.31,4487.35,6737.28,9773.86,3209.02,6814.33,9221.17,19133.93,5206.02,9039.74,14486.35,22273.77,4925.22,12643.89,19332.37,27242.15,6653.41,13310.71,20349.16,29855.68,7321.17,14838.04,24219.44,30812.79,8273.96,14697.52,23221.7,35997.21,9298.19,19085.11,29211.88,43416.37,10286.25,20155.96,30279.16,43010.41,11584.75,23292.89,34835.14,47797.38,13872.35,26984.32,39515.77,59831.8,18283.37,37935.3,26275.09,35104.98,8789.29,16997.12,25358.66,37517.84,8167.33,18165.57,28588.03,42285.39,9854.56,18750.59,29152.58,42358.44,10867.39,21228.48,34440.28
财务费用,1688.79,3877.57,5361.06,8015.43,2488.63,6675.86,13176.58,18666.44,2476.17,2944.7,3165.48,5595.41,2743.72,6658.15,4858.8,6879.01,-723.69,437.2,4020.35,6974.32,-587.15,1190.79,858.2,2648.33,1819.09,2874.82,3330.25,4632.9,64.95,226.47,3468.41,6013.7,2187.13,1564.24,-330.69,-91.55,1132.09,-187.82,-45.34,-439.44,1765.09,6985.53,11596.52,15114.9,11060.4,5289.41,2618.91,2422.09,4997.78,6606.59,8620.91,15911.03,3600.91,7498.07,16962.86,30454.3,7563.4,14453.01,18663.04,26996.84,6853.35,2223.11,2307.66
资产减值损失,-160.03,-63.41,126.69,892.81,2268.06,2990.22,3061.49,2512.79,645.6,128.1,681.87,2068.1,101.54,386.7,728.92,666.22,236.09,898.17,-437.79,311.23,-707.42,38.36,-304.43,2567.48,-526.8,1597.51,591.31,942.96,125.12,229.03,71.76,454.32,-16.19,268.98,449.53,189.72,665.54,1620.08,1291.63,2561.08,20.71,1304.33,1368.04,5759.31,5382.63,51.74,-321.25,1042.23,805.08,0.0,0.0,0.0,0.0,0.0,0.0,0.0,0.0,0.0,0.0,0.0,0.0,0.0,0.0
公允价值变动收益,0.0,0.0,0.0,0.0,0.0,1.15,0.0,-440.28,6.69,-100.08,-72.15,467.11,-17.24,24.34,188.31,172.76,-154.05,-106.29,-170.32,-160.54,26.91,-65.53,-21.37,203.04,-137.04,-242.1,-83.64,100.9,-461.05,-574.84,936.67,-430.33,367.86,530.49,137.0,150.91,21.23,-142.7,-117.26,-116.03,-9.56,-102.49,-57.05,0.0,0.0,-716.1,-1061.34,-757.82,600.4,-39.08,-724.31,-94.26,59.48,1043.73,1299.18,936.99,865.65,2367.18,3383.72,3786.37,1273.16,1183.67,-5350.15
投资收益,231.88,254.4,279.79,753.06,45.72,-33.26,-55.64,922.28,121.72,459.81,656.05,-75.23,367.76,1197.56,1359.8,1624.66,368.01,669.31,2293.76,3583.2,275.01,790.66,1655.58,-1316.51,193.94,441.42,1029.96,173.48,286.45,900.81,1166.11,-49.07,1201.68,3359.15,4219.74,5549.99,1315.75,3035.38,4364.46,6073.51,1273.88,2909.45,3760.59,4272.76,610.62,5747.08,11163.65,16869.01,1344.61,9402.84,10485.42,17712.74,1522.45,6879.81,8560.5,16015.46,635.09,4498.25,5911.71,12796.97,3476.72,5147.97,7928.41
其中:对联营企业和合营企业的投资收益,202.04,224.56,249.96,723.22,45.72,-33.26,-114.09,287.84,93.67,378.2,589.12,249.59,334.15,1117.43,1281.91,1471.99,263.1,583.28,747.15,1465.06,229.76,565.38,1418.64,-1655.64,31.55,29.98,-68.08,-633.38,140.38,266.75,118.46,-2023.13,505.49,1336.77,1533.87,1805.97,692.28,2095.75,2661.47,3103.96,771.57,1567.59,2147.73,2133.21,345.87,807.37,1582.44,1773.23,170.46,1077.77,1267.36,2331.61,35.46,543.16,922.16,5768.98,620.8,1573.52,2867.43,5930.43,2219.45,2540.29,6181.52
汇兑收益,0.0,0.0,0.0,0.0,0.0,0.0,0.0,0.0,0.0,0.0,0.0,0.0,0.0,0.0,0.0,0.0,0.0,0.0,0.0,0.0,0.0,0.0,0.0,0.0,0.0,0.0,0.0,0.0,0.0,0.0,0.0,0.0,0.0,0.0,0.0,0.0,0.0,0.0,0.0,0.0,0.0,0.0,0.0,0.0,0.0,0.0,0.0,0.0,0.0,0.0,0.0,0.0,0.0,0.0,0.0,0.0,0.0,0.0,0.0,0.0,0.0,0.0,0.0
三、营业利润,114.32,792.61,3086.75,11072.41,32955.37,101307.79,154201.97,164212.55,16060.39,43245.27,79996.57,120300.15,31748.62,68570.79,100111.66,133444.78,33909.59,73979.13,108923.87,133901.27,35692.16,67435.48,93330.89,112066.02,24012.2,50573.07,74611.88,103869.08,24533.82,66735.18,86208.08,100562.12,10960.47,23082.38,34597.76,46937.84,20711.25,65661.74,104880.67,146970.0,27392.84,68075.37,105422.03,211839.64,180035.27,243951.32,299689.36,363010.6,58927.08,135431.29,199068.35,256670.41,105811.31,257424.6,342039.26,416423.49,135163.33,280311.8,390628.65,508319.57,138044.67,262426.85,355114.37
加:营业外收入,83.93,358.94,658.13,554.59,219.24,1104.13,1537.02,1595.94,531.96,1134.73,1603.04,2052.0,385.39,705.3,1025.99,1922.47,537.96,581.54,1340.11,2487.13,586.07,930.92,1590.04,2131.68,685.08,891.92,1373.19,4549.61,584.47,1115.31,1756.61,2393.19,709.74,1749.98,2490.12,3720.39,673.98,1900.95,2592.99,4508.16,1331.17,1289.95,1579.68,196.59,24.54,96.55,2316.57,2406.48,374.91,589.93,693.06,770.61,48.74,89.36,135.57,194.23,93.92,1034.64,1106.23,1228.78,81.97,202.41,471.12
减：营业外支出,161.48,248.93,468.07,468.31,271.67,917.26,1141.29,1416.0,153.6,335.59,709.39,772.67,657.18,1569.87,2468.44,2777.99,228.63,395.18,502.56,1147.59,3995.46,4825.53,5133.68,12277.39,2236.16,2179.03,2403.15,2504.97,404.61,812.79,1009.37,1305.91,294.1,569.56,993.06,2540.32,357.46,1016.78,1167.61,1476.04,414.3,595.45,998.51,226.56,48.23,132.32,293.5,1447.08,202.28,217.71,443.8,571.78,1038.66,1196.53,1449.49,5628.55,124.08,191.9,378.7,6460.38,91.15,233.03,275.09
其中：非流动资产处置损失,73.66,81.05,127.07,28.88,60.62,0.0,210.94,397.19,1.68,36.52,132.34,100.52,214.98,1204.41,1772.74,1763.43,0.0,0.0,0.0,424.17,0.0,1064.92,0.0,6987.3,2001.46,1741.52,1753.08,1699.05,181.01,183.44,257.52,366.5,118.56,200.06,460.3,1815.38,100.64,453.88,477.79,744.87,329.91,485.6,840.37,0.0,0.0,0.0,0.0,0.0,0.0,0.0,0.0,0.0,0.0,0.0,0.0,0.0,0.0,0.0,0.0,0.0,0.0,0.0,0.0
四、利润总额,36.78,902.62,3276.81,11158.69,32902.94,101494.66,154597.71,164392.49,16438.75,44044.41,80890.22,121579.48,31476.83,67706.22,98669.21,132589.26,34218.93,74165.5,109761.42,135240.8,32282.77,63540.87,89787.25,101920.32,22461.12,49285.97,73581.91,105913.72,24713.68,67037.7,86955.32,101649.4,11376.11,24262.8,36094.82,48117.91,21027.77,66545.91,106306.04,150002.12,28309.7,68769.88,106003.19,211809.66,180011.58,243915.54,301712.42,363970.01,59099.71,135803.51,199317.61,256869.24,104821.39,256317.43,340725.34,410989.17,135133.17,281154.54,391356.18,503087.97,138035.49,262396.23,355310.39
减：所得税费用,222.12,447.48,647.46,3534.6,7227.22,21177.22,20282.56,19597.27,1044.42,3932.13,7828.45,10063.3,4623.57,10151.1,14772.9,16768.37,5112.09,10746.65,15699.68,18746.67,6042.47,10602.8,13688.0,16903.03,3499.39,8171.83,12508.95,17701.65,4360.07,12165.32,15680.42,20845.37,3333.34,5709.01,7621.2,9134.32,4586.46,13000.06,18804.17,27463.65,5179.92,10201.46,16927.53,40429.47,29839.05,37156.19,46214.34,54126.16,7875.97,19711.89,28021.89,39213.75,14693.96,34589.15,46086.44,53266.42,21035.76,39470.99,53306.91,69051.44,17250.23,40009.99,52920.83
五、净利润,-185.34,455.15,2629.35,7624.09,25675.72,80317.44,134315.15,144795.22,15394.32,40112.28,73061.76,111516.17,26853.27,57555.12,83896.31,115820.89,29106.84,63418.85,94061.74,116494.14,26240.3,52938.07,76099.25,85017.28,18961.73,41114.13,61072.96,88212.07,20353.61,54872.37,71274.9,80804.04,8042.77,18553.79,28473.62,38983.59,16441.32,53545.85,87501.87,122538.48,23129.79,58568.42,89075.67,171380.2,150172.53,206759.35,255498.08,309843.85,51223.74,116091.62,171295.72,217655.49,90127.43,221728.28,294638.9,357722.75,114097.4,241683.56,338049.28,434036.53,120785.26,222386.23,302389.56
归属于母公司所有者的净利润,7.82,573.26,2602.37,7707.12,25061.36,76529.23,127559.92,137451.14,13111.58,35867.97,66472.65,101833.91,25725.05,54758.5,80170.61,110008.69,29109.49,63421.24,94076.11,116439.26,26240.3,52938.07,76099.25,85017.28,18961.73,41114.13,61072.96,88212.07,20353.61,54872.37,71274.9,80804.04,8042.77,18561.67,28498.63,40206.78,15567.62,51568.99,84535.75,120263.35,23174.22,58594.46,90104.69,170441.34,149371.43,205854.44,253738.91,307888.46,51055.17,115555.71,170587.56,216861.62,90119.85,221189.94,293740.31,356375.99,113677.5,240849.91,336609.03,432415.03,120332.73,221387.74,301104.58
少数股东损益,-193.16,-118.12,26.98,-83.02,614.36,3788.21,6755.23,7344.09,2282.74,4244.31,6589.11,9682.26,1128.22,2796.62,3725.7,5812.2,-2.65,-2.38,-14.37,54.88,0.0,0.0,0.0,0.0,0.0,0.0,0.0,0.0,0.0,0.0,0.0,0.0,0.0,-7.88,-25.01,-1223.19,873.69,1976.86,2966.12,2275.13,-44.44,-26.04,-1029.02,938.85,801.1,904.92,1759.17,1955.39,168.57,535.92,708.16,793.87,7.58,538.34,898.59,1346.76,419.91,833.64,1440.25,1621.5,452.53,998.49,1284.98
基本每股收益(元/股),0.0002,0.02,0.08,0.23,0.73,2.24,3.73,4.02,0.38,1.05,1.94,2.98,0.73,1.16,1.69,1.61,0.4,0.87,1.3,1.6,0.36,0.73,1.05,1.17,0.26,0.57,0.84,1.22,0.28,0.5,0.65,0.74,0.07,0.17,0.26,0.37,0.14,0.47,0.78,1.1,0.21,0.54,0.83,1.57,1.18,0.96,1.18,1.43,0.24,0.54,0.7939,1.01,0.42,1.03,1.37,1.66,0.53,0.93,1.31,1.68,0.47,0.72,0.98
稀释每股收益(元/股),0.0002,0.02,0.08,0.23,0.73,2.24,3.73,4.02,0.38,1.05,1.94,2.98,0.73,1.16,1.69,1.61,0.4,0.87,1.3,1.6,0.36,0.73,1.05,1.17,0.26,0.57,0.84,1.22,0.28,0.5,0.65,0.74,0.07,0.17,0.26,0.37,0.14,0.47,0.78,1.1,0.21,0.54,0.83,1.57,1.18,0.96,1.18,1.43,0.24,0.54,0.7939,1.01,0.42,1.03,1.37,1.66,0.53,0.93,1.31,1.68,0.47,0.72,0.98
七、其他综合收益,0.0,0.0,0.0,0.0,0.0,0.0,0.0,0.0,0.0,0.0,0.0,-2.07,-0.31,-22.08,-66.66,-113.49,-40.18,-95.65,-182.79,-220.26,-5.29,18.82,30.53,250.42,-11.36,-73.77,-97.09,-91.94,49.1,41.33,74.43,-45.86,69.21,24.18,799.46,1150.53,-111.17,463.15,651.49,2745.79,-236.49,-718.21,-1741.15,-2142.57,-1589.34,437.98,2613.8,1962.07,-1345.95,169.92,2086.71,775.86,1108.45,1114.06,-971.49,-833.52,-609.73,-1437.91,-1503.46,-3709.69,-108.07,3237.26,9411.72
八、综合收益总额,0.0,0.0,0.0,0.0,0.0,0.0,0.0,0.0,0.0,0.0,73061.76,111514.1,26852.96,57533.04,83829.65,115707.41,29066.66,63323.21,93878.95,116273.88,26235.01,52956.9,76129.79,85267.7,18950.37,41040.36,60975.87,88120.13,20402.71,54913.71,71349.33,80758.18,8111.98,18577.97,29273.08,40134.12,16330.15,54009.0,88153.36,125284.27,22893.3,57850.21,87334.51,169237.63,148583.19,207197.34,258111.88,311805.92,49877.78,116261.54,173382.43,218431.36,91235.88,222842.34,293667.41,356889.23,113487.67,240245.64,336545.82,430326.84,120677.19,225623.49,311801.28
归属于母公司所有者的综合收益总额,0.0,0.0,0.0,0.0,0.0,0.0,0.0,0.0,0.0,0.0,66472.65,101831.84,25724.74,54736.42,80103.95,109895.21,29069.31,63325.59,93893.32,116219.0,26235.01,52956.9,76129.79,85267.7,18950.37,41040.36,60975.87,88120.13,20402.71,54913.71,71349.33,80758.18,8111.98,18585.85,29298.09,41357.31,15456.45,52032.14,85187.24,123000.21,22916.47,57680.85,88199.8,168091.34,147819.06,206373.39,256194.4,309821.1,49874.54,115731.21,172721.3,217645.23,91232.72,222193.37,292637.53,355379.79,113346.81,239709.67,335568.12,429473.23,120141.15,224612.89,310492.42
归属于少数股东的综合收益总额,0.0,0.0,0.0,0.0,0.0,0.0,0.0,0.0,0.0,0.0,6589.11,9682.26,1128.22,2796.62,3725.7,5812.2,-2.65,-2.38,-14.37,54.88,0.0,0.0,0.0,0.0,0.0,0.0,0.0,0.0,0.0,0.0,0.0,0.0,0.0,-7.88,-25.01,-1223.19,873.69,1976.86,2966.12,2284.06,-23.17,169.36,-865.28,1146.29,764.13,823.95,1917.47,1984.82,3.24,530.34,661.13,786.12,3.16,648.97,1029.87,1509.44,140.86,535.98,977.7,853.61,536.04,1010.6,1308.86
