报表日期,2007-03-31,2007-06-30,2007-09-30,2007-12-31,2008-03-31,2008-06-30,2008-09-30,2008-12-31,2009-03-31,2009-06-30,2009-09-30,2009-12-31,2010-03-31,2010-06-30,2010-09-30,2010-12-31,2011-03-31,2011-06-30,2011-09-30,2011-12-31,2012-03-31,2012-06-30,2012-09-30,2012-12-31,2013-03-31,2013-06-30,2013-09-30,2013-12-31,2014-03-31,2014-06-30,2014-09-30,2014-12-31,2015-03-31,2015-06-30,2015-09-30,2015-12-31,2016-03-31,2016-06-30,2016-09-30,2016-12-31,2017-03-31,2017-06-30,2017-09-30,2017-12-31,2018-03-31,2018-06-30,2018-09-30,2018-12-31,2019-03-31,2019-06-30
一、营业总收入,7435.86,19987.71,29815.31,34112.31,8410.07,18813.29,29417.9,32708.13,4111.67,9065.14,14136.28,17661.25,4562.38,10577.21,15553.36,20303.86,4407.67,9415.3,13595.99,18089.97,4937.1,8993.88,14380.07,20825.05,5555.86,115924.43,172473.61,241657.14,56754.01,124782.01,218266.58,332001.01,72329.31,165329.89,262627.28,380998.26,128148.56,223678.61,359470.11,615773.68,149621.46,307324.77,482137.41,654062.63,141344.75,293643.0,432247.05,604470.03,140525.92,284611.79
营业收入,7435.86,19987.71,29815.31,34112.31,8410.07,18813.29,29417.9,32708.13,4111.67,9065.14,14136.28,17661.25,4562.38,10577.21,15553.36,20303.86,4407.67,9415.3,13595.99,18089.97,4937.1,8993.88,14380.07,20825.05,5555.86,115924.43,172473.61,241657.14,56754.01,124782.01,218266.58,332001.01,72329.31,165329.89,262627.28,380998.26,128148.56,223678.61,359470.11,615773.68,149621.46,307324.77,482137.41,654062.63,141344.75,293643.0,432247.05,604470.03,140525.92,284611.79
二、营业总成本,7352.96,19743.09,29632.35,36836.17,9242.35,20907.44,32137.38,37247.24,5222.43,11171.06,18346.11,26154.31,5558.87,12369.98,18242.11,27252.46,5356.38,11322.4,16553.37,22417.46,5609.17,10028.89,15325.8,22124.04,5545.61,104255.81,151834.96,208265.08,49628.81,110553.35,189393.48,290870.21,62362.93,141984.38,223611.59,317488.66,114692.12,189681.26,297154.07,513953.05,111367.0,244021.2,374716.13,531690.87,110325.36,242850.99,351666.96,530356.75,118244.47,247402.72
营业成本,6728.67,18223.99,27248.32,32134.39,8428.69,18654.12,28993.63,32229.33,4321.7,9664.49,14739.68,17666.22,4683.79,10847.79,15776.95,20383.26,4493.03,9837.41,13766.11,17961.82,4695.58,8488.87,13421.54,19455.16,4971.66,91231.38,134944.48,180584.66,42438.5,93494.64,165702.04,252836.7,54186.18,116387.82,191463.17,264295.45,103463.28,159027.18,247029.82,426403.04,94789.49,196003.8,301764.62,419648.7,91920.06,191512.77,273797.93,408637.86,98444.92,199273.75
营业税金及附加,8.91,26.77,60.86,77.02,13.84,45.46,68.55,113.32,28.49,47.95,64.75,103.72,12.78,25.5,32.28,70.52,14.96,26.99,33.34,78.35,9.48,13.37,26.43,57.22,2.24,559.75,760.06,1214.95,254.83,595.22,1008.94,1841.75,349.05,1167.25,1422.65,2821.31,495.15,1396.57,2098.98,4875.25,761.75,2962.21,3773.76,7315.99,1155.21,4194.0,5474.04,8402.57,1358.96,3528.09
销售费用,187.03,532.65,881.71,1903.27,145.68,639.18,1068.67,1587.35,248.79,452.31,687.86,822.99,186.29,438.95,691.81,1016.74,206.94,451.27,634.45,792.04,171.53,425.34,570.88,748.78,161.17,2622.51,2934.84,5961.13,976.64,3537.67,4851.32,7553.56,2230.8,5746.61,7507.55,11718.39,3113.71,7098.8,11372.34,23820.69,4420.2,14055.73,22065.14,38000.95,4614.02,14947.55,22890.02,33280.66,4669.2,14193.54
管理费用,238.06,487.05,724.43,1599.59,263.71,511.75,820.3,1316.63,358.26,483.63,1537.23,2169.81,348.55,527.56,980.66,1544.73,394.26,465.17,1343.28,2011.17,658.43,722.33,835.14,939.72,225.55,4378.54,6166.69,9059.29,2741.49,5289.89,7819.49,12717.32,2524.27,8410.07,9128.74,17603.5,3657.4,11476.96,17538.47,26580.84,4248.52,12560.22,20031.0,28416.99,4513.92,12336.51,18019.61,22256.18,4444.19,10353.06
财务费用,190.29,403.76,633.97,990.98,300.07,668.99,920.14,1186.29,230.1,468.45,711.95,1021.32,241.66,485.78,730.66,1582.95,240.95,498.59,758.31,1556.41,112.52,421.48,530.69,934.69,183.56,4476.59,5733.0,10576.87,2507.41,5818.72,8132.18,14366.04,2868.48,7940.94,11755.39,18024.49,3873.65,8522.63,15657.63,28329.14,6747.03,15893.17,24452.75,32829.72,7715.16,16130.06,26944.59,35615.81,8913.16,18214.61
资产减值损失,0.0,68.87,83.08,130.92,90.36,387.93,266.1,814.31,35.08,54.24,604.65,4370.25,85.81,44.4,29.76,2654.27,6.24,42.96,17.88,17.68,-38.38,-42.51,-58.88,-11.53,1.44,987.04,1295.9,868.19,709.94,1817.2,1879.51,1554.85,204.15,2331.68,2334.09,3025.51,88.94,2159.11,3456.83,3944.08,400.02,2546.07,2628.84,5478.51,406.99,3730.11,4153.38,11017.73,414.04,0.0
公允价值变动收益,0.0,0.0,0.0,11.29,-11.39,-14.26,-16.02,-18.26,1.75,3.99,3.02,4.07,-0.32,-2.57,-2.58,-1.63,0.26,-0.55,-1.74,-1.93,0.14,-0.01,-0.49,-0.02,-0.6,-1.58,-0.95,-1.05,-0.46,-0.3,0.41,3.92,0.76,1.87,-0.79,-0.73,-0.83,-1.97,-1.8,-1.49,-0.06,0.29,0.83,1.17,-1.12,-1.52,-0.46,-2.19,1.07,0.82
投资收益,0.0,0.0,31.04,80.88,0.0,0.62,1.15,1.15,0.0,0.0,0.0,0.23,57.17,57.27,57.27,51.43,0.0,0.0,0.0,0.21,-0.01,-0.01,-0.01,0.19,0.0,-35.28,456.95,452.46,0.0,256.05,256.26,67.57,0.0,-57.75,-57.75,1757.1,-583.91,-470.24,1026.68,-460.49,-373.63,-696.18,-617.41,-1102.52,-393.77,-754.24,-1211.81,-1132.75,-209.53,-218.24
其中:对联营企业和合营企业的投资收益,0.0,0.0,0.0,0.0,0.0,0.0,0.0,0.0,0.0,0.0,0.0,0.0,0.0,0.0,0.0,0.0,0.0,0.0,0.0,0.0,0.0,0.0,0.0,0.0,0.0,0.0,0.0,0.0,0.0,0.0,0.0,0.0,0.0,0.0,0.0,0.0,0.0,0.0,0.0,0.0,0.0,0.0,0.0,-1103.13,0.0,-754.8,-1212.36,-1136.91,0.0,-220.61
汇兑收益,0.0,0.0,0.0,0.0,0.0,0.0,0.0,0.0,0.0,0.0,0.0,0.0,0.0,0.0,0.0,0.0,0.0,0.0,0.0,0.0,0.0,0.0,0.0,0.0,0.0,0.0,0.0,0.0,0.0,0.0,0.0,0.0,0.0,0.0,0.0,0.0,0.0,0.0,0.0,0.0,0.0,0.0,0.0,0.0,0.0,0.0,0.0,0.0,0.0,0.0
三、营业利润,82.9,244.62,213.99,-2631.69,-843.68,-2107.79,-2734.36,-4556.22,-1109.0,-2101.93,-4206.82,-8488.75,-939.65,-1738.07,-2634.07,-6898.8,-948.45,-1907.65,-2959.13,-4329.21,-671.94,-1035.03,-946.23,-1298.82,9.65,11631.76,21094.65,33843.48,7124.74,14484.41,29129.78,41202.29,9967.14,23289.62,38957.15,65265.97,12871.71,33525.13,63340.92,101358.65,37880.77,62607.68,106804.7,123091.34,30726.54,50659.91,80098.15,75480.75,22512.72,33102.36
加:营业外收入,0.21,24.41,25.09,67.73,13.06,48.28,49.26,145.46,15.63,15.69,91.03,8963.69,16.38,50.35,52.32,101.6,0.1,2.87,15.16,4643.79,3.45,9.92,40.84,1545.62,13.66,1337.22,1344.24,2201.99,261.53,328.33,1814.64,1876.97,34.35,1688.26,1719.02,1784.63,1018.4,1029.86,2287.54,2471.69,248.46,773.62,1031.07,450.77,11.81,86.3,702.04,345.45,137.09,206.21
减：营业外支出,21.01,50.08,72.79,258.85,44.12,98.25,121.89,9001.41,5.3,7.3,101.28,98.57,5.63,14.9,20.33,29.12,5.72,4.37,18.25,23.92,9.87,14.71,57.72,23.98,2.03,34.94,37.15,24.78,10.59,43.61,53.25,185.56,57.43,144.41,207.43,526.02,96.14,111.09,124.04,239.47,3.61,532.58,689.85,938.12,0.6,96.03,302.62,471.47,1.03,43.06
其中：非流动资产处置损失,0.0,0.0,0.0,0.0,0.0,0.0,0.0,0.0,0.0,0.0,0.0,0.0,0.0,0.0,0.0,0.0,0.0,0.68,0.0,10.45,0.0,0.0,0.0,0.0,0.0,26.09,0.0,0.0,0.0,40.09,0.0,0.0,0.0,0.0,0.0,0.0,0.0,2.78,0.0,4.01,0.0,2.74,2.74,0.0,0.0,0.0,0.0,0.0,0.0,0.0
四、利润总额,62.1,218.96,166.3,-2822.8,-874.74,-2157.76,-2806.99,-13412.17,-1098.67,-2093.54,-4217.06,376.37,-928.9,-1702.62,-2602.08,-6826.33,-954.07,-1909.16,-2962.22,290.66,-678.36,-1039.82,-963.12,222.82,21.28,12934.04,22401.74,36020.68,7375.68,14769.12,30891.16,42893.7,9944.07,24833.47,40468.74,66524.58,13793.97,34443.91,65504.43,103590.86,38125.61,62848.72,107145.92,122603.99,30737.75,50650.19,80497.57,75354.73,22648.77,33265.51
减：所得税费用,52.57,139.09,164.31,88.42,-23.29,-2.57,-5.39,112.32,-7.13,4.08,4.08,38.93,0.0,0.0,0.0,0.0,0.0,0.0,0.0,0.0,0.0,0.0,0.0,0.0,0.0,2133.55,3269.35,6457.47,1211.98,2392.42,5276.85,8199.88,1887.96,4248.06,7399.92,12544.51,2884.06,6376.62,12467.07,21256.61,7766.76,12641.34,21489.43,21288.15,5669.01,8919.35,14208.45,14160.09,3692.38,5911.68
五、净利润,9.53,79.86,1.99,-2911.23,-851.45,-2155.19,-2801.6,-13524.49,-1091.55,-2097.62,-4221.14,337.44,-928.9,-1702.62,-2602.08,-6826.33,-954.07,-1909.16,-2962.22,290.66,-678.36,-1039.82,-963.12,222.82,21.28,10800.49,19132.39,29563.22,6163.7,12376.7,25614.31,34693.82,8056.11,20585.41,33068.81,53980.07,10909.91,28067.29,53037.36,82334.25,30358.84,50207.38,85656.49,101315.83,25068.74,41730.84,66289.12,61194.64,18956.4,27353.83
归属于母公司所有者的净利润,51.05,170.07,126.92,-2665.3,-786.7,-1955.62,-2546.43,-12922.99,-1025.92,-1970.68,-4018.03,960.59,-928.73,-1701.78,-2600.3,-6814.3,-953.46,-1907.48,-2958.64,325.09,-678.36,-1039.82,-963.12,222.82,21.28,10800.49,19132.39,29563.22,6163.7,12377.03,25617.94,34705.31,8059.21,20347.34,31667.56,51908.51,10841.15,27603.63,52167.11,81780.24,30419.76,50495.52,85647.09,100488.29,25202.4,41975.09,66473.05,61091.27,18999.42,27517.82
少数股东损益,-41.52,-90.2,-124.92,-245.93,-64.74,-199.57,-255.17,-601.49,-65.62,-126.95,-203.11,-623.16,-0.17,-0.85,-1.78,-12.03,-0.61,-1.67,-3.58,-34.44,0.0,0.0,0.0,0.0,0.0,0.0,0.0,0.0,0.0,-0.33,-3.63,-11.49,-3.11,238.07,1401.26,2071.56,68.76,463.66,870.25,554.01,-60.91,-288.14,9.41,827.54,-133.66,-244.25,-183.93,103.37,-43.02,-164.0
基本每股收益(元/股),0.0056,0.01,0.0099,-0.1597,-0.0471,-0.1172,-0.1526,-0.7743,-0.0615,-0.1181,-0.2408,0.0576,-0.0556,-0.102,-0.1558,-0.4083,-0.0571,-0.1143,-0.1773,0.0195,-0.0406,-0.0623,-0.0577,0.0134,0.0013,0.2172,0.3848,0.5839,0.1015,0.1456,0.3014,0.4069,0.0935,0.236,0.3554,0.5728,0.1125,0.1136,0.2126,0.3382,0.1263,0.2091,0.3524,0.4074,0.0975,0.1624,0.2572,0.2362,0.0737,0.1063
稀释每股收益(元/股),0.0056,0.01,0.0099,-0.1597,-0.0471,-0.1172,-0.1526,-0.7743,-0.0615,-0.1181,-0.2408,0.0576,-0.0556,-0.102,-0.1558,-0.4083,-0.0571,-0.1143,-0.1773,0.0195,-0.0406,-0.0623,-0.0577,0.0134,0.0013,0.2172,0.3848,0.5839,0.1015,0.1456,0.3014,0.4065,0.0931,0.235,0.354,0.5653,0.1116,0.113,0.2121,0.3365,0.1255,0.2083,0.3516,0.4055,0.0974,0.1622,0.2572,0.2362,0.0737,0.0992
七、其他综合收益,0.0,0.0,0.0,0.0,0.0,0.0,0.0,0.0,0.0,0.0,0.0,0.0,0.0,0.0,0.0,0.0,0.0,0.0,0.0,321.11,0.0,0.0,0.0,0.0,0.0,0.0,0.0,0.0,0.0,0.0,0.0,0.0,0.0,0.0,0.0,0.0,0.0,0.0,0.0,0.0,0.0,0.0,0.0,0.0,0.0,0.0,0.0,0.0,0.0,0.0
八、综合收益总额,0.0,0.0,0.0,0.0,0.0,0.0,-2801.6,-13524.49,-1091.55,-2097.62,-4221.14,337.44,-928.9,-1702.62,-2602.08,-6826.33,-954.07,-1909.16,-2962.22,611.77,-678.36,-1039.82,-963.12,222.82,21.28,10800.49,19132.39,29563.22,6163.7,12376.7,25614.31,34693.82,8056.11,20585.41,33068.81,53980.07,10909.91,28067.29,53037.36,82334.25,30358.84,50207.38,85656.49,101315.83,25068.74,41730.84,66289.12,61194.64,18956.4,27353.83
归属于母公司所有者的综合收益总额,0.0,0.0,0.0,0.0,0.0,0.0,-2546.43,-12922.99,-1025.92,-1970.68,-4018.03,960.59,-928.73,-1701.78,-2600.3,-6814.3,-953.46,-1907.48,-2958.64,646.2,-678.36,-1039.82,-963.12,222.82,21.28,10800.49,19132.39,29563.22,6163.7,12377.03,25617.94,34705.31,8059.21,20347.34,31667.56,51908.51,10841.15,27603.63,52167.11,81780.24,30419.76,50495.52,85647.09,100488.29,25202.4,41975.09,66473.05,61091.27,18999.42,27517.82
归属于少数股东的综合收益总额,0.0,0.0,0.0,0.0,0.0,0.0,-255.17,-601.49,-65.62,-126.95,-203.11,-623.16,-0.17,-0.85,-1.78,-12.03,-0.61,-1.67,-3.58,-34.44,0.0,0.0,0.0,0.0,0.0,0.0,0.0,0.0,0.0,-0.33,-3.63,-11.49,-3.11,238.07,1401.26,2071.56,68.76,463.66,870.25,554.01,-60.91,-288.14,9.41,827.54,-133.66,-244.25,-183.93,103.37,-43.02,-164.0
