报表日期,2007-12-31,2008-09-30,2008-12-31,2009-03-31,2009-06-30,2009-09-30,2009-12-31,2010-03-31,2010-06-30,2010-09-30,2010-12-31,2011-03-31,2011-06-30,2011-09-30,2011-12-31,2012-03-31,2012-06-30,2012-09-30,2012-12-31,2013-03-31,2013-06-30,2013-09-30,2013-12-31,2014-03-31,2014-06-30,2014-09-30,2014-12-31,2015-03-31,2015-06-30,2015-09-30,2015-12-31,2016-03-31,2016-06-30,2016-09-30,2016-12-31,2017-03-31,2017-06-30,2017-09-30,2017-12-31,2018-03-31,2018-06-30,2018-09-30,2018-12-31,2019-03-31,2019-06-30,2019-09-30,2019-12-31,2020-03-31
一、营业总收入,34943.47,38813.41,52716.95,16109.33,35346.02,54486.83,84959.77,32371.3,65637.94,96595.28,129776.71,36254.56,71843.66,107714.91,147488.45,41495.09,84908.66,134554.54,182888.15,52790.53,106156.82,162434.71,232748.35,65091.7,130375.87,198304.58,288264.46,78303.05,165798.41,256766.15,347769.29,91515.51,189177.52,282929.14,383349.02,97220.52,203467.76,310207.12,415377.66,112638.77,226710.14,353510.78,465187.62,118850.85,235601.92,356417.61,447046.6,86604.34
营业收入,34943.47,38813.41,52716.95,16109.33,35346.02,54486.83,84959.77,32371.3,65637.94,96595.28,129776.71,36254.56,71843.66,107714.91,147488.45,41495.09,84908.66,134554.54,182888.15,52790.53,106156.82,162434.71,232748.35,65091.7,130375.87,198304.58,288264.46,78303.05,165798.41,256766.15,347769.29,91515.51,189177.52,282929.14,383349.02,97220.52,203467.76,310207.12,415377.66,112638.77,226710.14,353510.78,465187.62,118850.85,235601.92,356417.61,447046.6,86604.34
二、营业总成本,27328.34,29288.78,40370.79,11783.33,25170.73,38633.67,60389.49,22172.89,44727.37,66653.54,88542.09,23951.17,49090.86,74625.65,100911.83,26888.12,55505.11,84044.36,109908.56,29063.0,59802.74,92126.97,136244.73,35302.77,73596.79,112409.31,169539.37,41806.29,93562.86,148539.78,201239.77,49861.33,108093.18,161534.46,220137.88,53365.04,119387.21,183854.04,250556.42,65717.94,136822.52,223741.37,300546.3,81950.16,164863.37,275454.49,364441.46,69741.87
营业成本,18587.2,19807.44,25936.04,7257.87,15503.67,23716.36,37641.02,15187.13,29303.03,42523.24,55559.22,15269.15,29423.89,42780.6,55986.23,13673.55,27020.55,39222.01,46542.17,11724.06,23062.72,35053.35,56461.92,14575.9,30492.03,46214.36,76485.39,17625.06,42599.1,67074.81,91228.84,21619.32,48236.24,72581.05,94987.92,19997.3,41901.14,60457.79,78505.59,21125.36,44720.02,68169.56,94367.34,24346.53,48378.63,74694.99,96436.59,22320.54
营业税金及附加,26.51,28.5,42.2,14.5,31.49,45.02,65.4,33.55,55.36,83.23,136.26,372.92,678.11,1344.82,1851.3,599.08,1141.16,1923.51,2654.81,829.47,1618.47,2521.47,3563.44,980.29,1922.72,2969.5,4269.26,1340.51,2519.07,3734.31,5068.05,1412.49,2867.15,4258.76,6493.07,1790.29,3863.71,5760.6,7766.26,2165.3,4048.53,6030.98,8052.28,1701.89,3177.55,4717.52,6323.83,893.3
销售费用,6516.08,6889.13,11140.05,3340.81,7338.5,11470.32,16887.7,5612.55,11561.58,18207.14,25638.54,6499.41,15336.22,23763.05,33230.35,10137.93,22195.23,33487.52,45318.28,13514.88,26989.53,42460.49,59446.67,16345.91,33337.27,50740.31,71301.32,17766.98,36351.01,57393.41,77514.35,19212.22,40860.87,60919.61,85207.45,21762.65,52161.31,84511.27,115573.17,29038.4,58242.06,103346.79,134564.44,37465.2,76854.06,116557.6,157626.91,33623.82
管理费用,2116.03,2372.09,2988.69,915.72,1861.38,2824.34,5348.23,1195.16,3806.87,5907.72,8696.14,2027.3,4069.05,7655.53,11077.79,2535.16,6196.26,10542.9,16780.16,3090.15,8397.41,12846.19,17910.76,4084.97,8652.72,13630.87,18799.82,5134.72,11985.25,20620.68,28079.76,8163.6,16867.59,25434.56,36237.47,10637.84,22767.58,33939.38,50747.62,13321.51,30126.64,16651.56,22982.91,6707.54,12931.06,19611.03,27846.05,5495.39
财务费用,98.97,134.6,177.34,97.04,180.71,255.56,117.3,-90.24,-352.5,-472.6,-2281.24,-451.79,-657.35,-1224.62,-1869.21,-404.6,-1340.81,-1688.09,-2201.01,-432.7,-780.71,-1241.69,-1645.25,-675.5,-1009.26,-1329.44,-1737.43,-119.7,-356.62,-710.88,-1346.77,-546.3,-1388.22,-2309.06,-3148.63,-822.97,-1529.45,-1038.17,-2061.29,67.51,-579.23,-665.24,-410.06,346.15,253.18,361.62,-141.58,-225.88
研发费用,0.0,0.0,0.0,0.0,0.0,0.0,0.0,0.0,0.0,0.0,0.0,0.0,0.0,0.0,0.0,0.0,0.0,0.0,0.0,0.0,0.0,0.0,0.0,0.0,0.0,0.0,0.0,0.0,0.0,0.0,0.0,0.0,0.0,0.0,0.0,0.0,0.0,0.0,0.0,0.0,0.0,29946.68,40747.65,11887.54,23268.88,59511.73,76349.67,7634.69
资产减值损失,-16.44,57.02,86.46,157.39,254.98,322.08,329.83,234.73,353.02,404.81,793.16,234.19,240.94,306.27,635.37,347.01,292.72,556.51,814.15,337.14,515.31,487.16,507.2,-8.8,201.31,183.71,421.0,58.72,465.03,427.44,695.54,0.0,649.54,649.53,360.6,-0.06,222.92,223.18,25.07,-0.14,264.5,261.04,241.75,-504.69,0.0,0.0,0.0,0.0
公允价值变动收益,0.0,0.0,0.0,0.0,0.0,0.0,0.0,0.0,0.0,0.0,0.0,0.0,0.0,0.0,0.0,0.0,0.0,0.0,0.0,0.0,0.0,0.0,0.0,0.0,0.0,0.0,0.0,0.0,0.0,0.0,0.0,0.0,0.0,0.0,0.0,0.0,0.0,0.0,0.0,0.0,0.0,0.0,0.0,0.0,0.0,0.0,0.0,0.0
投资收益,0.0,0.0,6.55,0.0,0.0,0.0,0.0,0.0,0.0,0.0,37.4,17.26,94.75,100.73,100.73,0.0,0.0,0.0,-0.24,0.0,-4.87,-17.96,272.77,0.0,681.42,1052.76,1993.48,464.25,471.0,652.96,1318.26,10.87,-8.93,-8.93,-126.34,368.84,639.74,1066.3,2276.64,968.95,1258.38,1967.56,2504.62,481.39,-436.16,-305.86,-3119.54,-342.42
其中:对联营企业和合营企业的投资收益,0.0,0.0,0.0,0.0,0.0,0.0,0.0,0.0,0.0,0.0,0.0,0.0,0.0,0.0,0.0,0.0,0.0,0.0,-0.24,0.0,0.0,0.0,-21.01,0.0,0.0,-8.08,260.86,0.0,0.0,0.0,-171.51,0.0,0.0,0.0,-140.16,0.0,0.0,0.0,-208.91,0.0,0.0,170.46,-477.01,-54.19,-1394.75,-1700.82,-4695.63,-629.27
汇兑收益,0.0,0.0,0.0,0.0,0.0,0.0,0.0,0.0,0.0,0.0,0.0,0.0,0.0,0.0,0.0,0.0,0.0,0.0,0.0,0.0,0.0,0.0,0.0,0.0,0.0,0.0,0.0,0.0,0.0,0.0,0.0,0.0,0.0,0.0,0.0,0.0,0.0,0.0,0.0,0.0,0.0,0.0,0.0,0.0,0.0,0.0,0.0,0.0
三、营业利润,7615.14,9524.63,12352.71,4326.0,10175.29,15853.15,24570.28,10198.41,20910.57,29941.74,41272.02,12320.65,22847.55,33189.99,46677.36,14606.97,29403.55,50510.18,72979.35,23727.53,46349.21,70289.78,96776.39,29788.94,57460.49,86948.03,120718.57,36961.01,72706.55,108879.33,147847.78,41665.05,81075.41,121385.76,163084.8,44224.33,84720.29,127419.38,171462.27,49494.19,93713.83,135744.75,171996.18,39095.92,73440.06,84710.29,84608.13,18180.93
加:营业外收入,47.39,153.38,396.9,14.62,136.72,299.82,454.67,104.76,106.99,135.33,410.48,65.58,128.39,203.2,879.74,160.78,1289.16,1715.93,2512.37,164.73,341.63,507.32,2091.57,224.18,676.54,995.32,1271.32,167.66,506.31,921.54,1454.4,903.83,1415.6,1788.26,2780.83,703.06,1731.51,2441.85,2060.63,2.1,3.55,128.72,693.7,1.4,2503.45,2505.78,2520.97,28.74
减：营业外支出,3.54,75.46,86.43,0.0,0.07,0.09,89.71,0.0,232.93,233.65,133.71,11.01,33.97,43.65,101.08,1.52,105.12,119.2,462.88,0.02,79.29,267.23,1224.53,24.58,125.89,235.0,253.6,3.07,95.33,96.82,153.37,327.83,452.44,540.26,818.11,60.17,294.31,753.58,1990.64,262.45,689.79,937.74,2065.31,583.08,1183.87,1858.2,1994.51,270.12
其中：非流动资产处置损失,0.0,10.95,10.95,0.0,0.0,0.0,88.6,0.0,0.0,0.0,0.94,0.0,8.0,0.0,60.07,0.0,0.0,0.0,31.25,0.0,0.0,185.64,639.44,0.0,62.12,84.97,72.98,0.15,19.94,21.43,27.91,31.22,133.88,155.43,242.12,0.44,25.21,42.22,0.0,0.0,0.0,0.0,0.0,0.0,0.0,0.0,0.0,0.0
四、利润总额,7658.99,9602.55,12663.18,4340.62,10311.93,16152.88,24935.23,10303.18,20784.62,29843.42,41548.79,12375.22,22941.97,33349.54,47456.01,14766.23,30587.59,52106.91,75028.84,23892.24,46611.54,70529.87,97643.43,29988.54,58011.15,87708.35,121736.3,37125.61,73117.53,109704.06,149148.81,42241.05,82038.58,122633.75,165047.52,44867.22,86157.49,129107.65,171532.26,49233.84,93027.59,134935.74,170624.57,38514.24,74759.63,85357.87,85134.59,17939.56
减：所得税费用,345.21,933.17,969.0,431.34,1548.05,2435.48,3367.33,1544.01,3045.75,4412.69,5997.82,1800.42,3355.65,4708.06,6911.16,2161.61,5372.37,8583.51,11473.63,3679.5,7260.48,11117.84,14317.38,4399.9,8142.65,12503.58,17397.88,5699.78,11076.22,16942.64,22181.44,6480.01,12787.0,19026.34,26043.65,7599.57,13816.63,20741.88,27844.22,8087.95,14214.5,20203.45,25166.48,6512.63,11738.02,16306.31,16950.51,3017.57
五、净利润,7313.77,8669.38,11694.18,3909.28,8763.89,13717.4,21567.9,8759.17,17738.88,25430.72,35550.97,10574.8,19586.32,28641.49,40544.85,12604.61,25215.23,43523.4,63555.2,20212.74,39351.07,59412.03,83326.04,25588.64,49868.5,75204.77,104338.42,31425.83,62041.32,92761.42,126967.37,35761.04,69251.58,103607.41,139003.88,37267.65,72340.86,108365.77,143688.05,41145.89,78813.09,114732.29,145458.09,32001.61,63021.61,69051.56,68184.08,14921.99
归属于母公司所有者的净利润,7313.77,8669.38,11694.18,3909.28,8765.21,13720.67,21574.71,8768.84,17736.53,25422.54,35531.43,10567.18,19574.02,28620.18,40524.94,12601.68,25207.95,43502.36,63516.75,20192.25,39283.69,59264.56,83041.66,25416.13,49525.57,75139.66,104229.71,31357.48,61907.83,92591.32,126592.0,35783.5,69434.62,103957.83,139641.42,37642.37,73041.28,109404.55,145188.73,41532.17,78969.01,115000.74,145822.33,32158.99,63256.4,71694.33,71520.11,15009.06
少数股东损益,0.0,0.0,0.0,0.0,-1.32,-3.28,-6.8,-9.67,2.35,8.18,19.54,7.61,12.3,21.3,19.91,2.94,7.28,21.04,38.45,20.49,67.38,147.47,284.39,172.51,342.92,65.11,108.71,68.35,133.48,170.1,375.37,-22.47,-183.03,-350.42,-637.54,-374.72,-700.42,-1038.77,-1500.68,-386.28,-155.92,-268.45,-364.24,-157.38,-234.79,-2642.77,-3336.03,-87.07
基本每股收益(元/股),0.86,1.02,1.38,0.46,1.03,1.21,2.34,0.77,0.78,1.12,1.57,0.47,0.54,0.79,1.12,0.35,0.58,1.0,1.46,0.46,0.6,0.91,1.27,0.39,0.76,1.15,1.59,0.48,0.59,0.89,1.21,0.34,0.66,0.99,1.33,0.36,0.7,1.05,1.39,0.4,0.75,1.1,1.39,0.31,0.6,0.69,0.68,0.14
稀释每股收益(元/股),0.86,1.02,1.38,0.46,1.03,1.21,2.34,0.77,0.78,1.12,1.57,0.47,0.54,0.79,1.12,0.35,0.58,1.0,1.46,0.46,0.6,0.91,1.27,0.39,0.76,1.15,1.59,0.48,0.59,0.89,1.21,0.34,0.66,0.99,1.33,0.36,0.7,1.05,1.39,0.4,0.75,1.1,1.39,0.31,0.6,0.69,0.68,0.14
七、其他综合收益,0.0,0.0,0.0,0.0,0.0,0.0,0.0,0.0,0.0,0.0,0.0,0.0,0.0,0.0,-0.15,0.16,-2.34,-2.37,-4.1,4.36,-0.92,0.31,2.16,-1.13,-1.09,-4.24,16.09,104.55,69.34,236.25,191.72,-72.39,-15.82,-15.6,200.69,-73.55,-354.35,-561.86,-621.84,-322.33,-163.1,429.86,331.33,-5.72,41.61,323.33,1599.18,759.13
八、综合收益总额,7313.77,8669.38,11694.18,3909.28,8763.89,13717.4,21567.9,8759.17,17738.88,25430.72,35550.97,10574.8,19586.32,28641.49,40544.7,12604.77,25212.88,43521.03,63551.11,20217.1,39350.15,59412.34,83328.21,25587.51,49867.4,75200.54,104354.51,31530.38,62110.66,92997.67,127159.09,35688.64,69235.76,103591.81,139204.57,37194.1,71986.51,107803.92,143066.21,40823.57,78649.99,115162.15,145789.41,31995.88,63063.23,69374.89,69783.25,15681.12
归属于母公司所有者的综合收益总额,7313.77,8669.38,11694.18,3909.28,8765.21,13720.67,21574.71,8768.84,17736.53,25422.54,35531.43,10567.18,19574.02,28620.18,40524.79,12601.84,25205.6,43499.99,63512.66,20196.61,39282.77,59264.88,83043.82,25415.0,49524.48,75135.42,104245.8,31462.03,61977.17,92827.57,126783.72,35711.11,69418.79,103942.23,139842.1,37568.82,72686.93,108842.69,144566.89,41209.85,78805.91,115430.6,146153.65,32153.27,63298.01,72017.66,73119.28,15768.19
归属于少数股东的综合收益总额,0.0,0.0,0.0,0.0,-1.32,-3.28,-6.8,-9.67,2.35,8.18,19.54,7.61,12.3,21.3,19.91,2.94,7.28,21.04,38.45,20.49,67.38,147.47,284.39,172.51,342.92,65.11,108.71,68.35,133.48,170.1,375.37,-22.47,-183.03,-350.42,-637.54,-374.72,-700.42,-1038.77,-1500.68,-386.28,-155.92,-268.45,-364.24,-157.38,-234.79,-2642.77,-3336.03,-87.07
