报表日期,2007-12-31,2008-12-31,2009-03-31,2009-06-30,2009-09-30,2009-12-31,2010-03-31,2010-06-30,2010-09-30,2010-12-31,2011-03-31,2011-06-30,2011-09-30,2011-12-31,2012-03-31,2012-06-30,2012-09-30,2012-12-31,2013-03-31,2013-06-30,2013-09-30,2013-12-31,2014-03-31,2014-06-30,2014-09-30,2014-12-31,2015-03-31,2015-06-30,2015-09-30,2015-12-31,2016-03-31,2016-06-30,2016-09-30,2016-12-31,2017-03-31,2017-06-30,2017-09-30,2017-12-31,2018-03-31,2018-06-30,2018-09-30,2018-12-31,2019-03-31,2019-06-30
一、营业总收入,118451.39,174247.14,40306.57,83680.35,143657.27,210151.32,68730.51,140230.46,239307.63,360547.73,92991.27,208167.89,345315.68,523163.97,129267.86,281867.95,479784.74,721378.95,169732.77,390859.46,686039.68,1074590.7,259465.92,601605.53,1066980.78,1723311.4,428794.68,979638.17,1667763.85,2527139.03,519971.04,1254819.87,2113646.9,3192402.09,704372.41,1644753.97,2772974.22,4190547.66,936482.82,2087575.82,3380269.12,4983713.25,994244.86,2392327.34
营业收入,118451.39,174247.14,40306.57,83680.35,143657.27,210151.32,68730.51,140230.46,239307.63,360547.73,92991.27,208167.89,345315.68,523163.97,129267.86,281867.95,479784.74,721378.95,169732.77,390859.46,686039.68,1074590.7,259465.92,601605.53,1066980.78,1723311.4,428794.68,979638.17,1667763.85,2527139.03,519971.04,1254819.87,2113646.9,3192402.09,704372.41,1644753.97,2772974.22,4190547.66,936482.82,2087575.82,3380269.12,4983713.25,994244.86,2392327.34
二、营业总成本,84140.71,120485.41,27081.32,59055.89,97351.92,144210.68,47208.24,102039.33,170072.03,262274.93,65061.39,150553.05,247065.13,376140.99,93622.96,207834.68,353072.99,522399.63,122752.04,294664.92,509906.62,783762.84,193064.24,462152.71,809427.8,1300960.71,334743.07,769303.51,1299900.87,1990991.56,414073.27,1015758.03,1675583.19,2509424.19,562627.19,1340080.15,2217084.16,3322394.22,760157.91,1708449.01,2721534.06,3965577.85,845955.99,1954195.14
营业成本,60952.97,85651.95,18237.99,38944.76,67438.28,100709.07,33915.51,70205.06,119965.58,174376.36,46828.21,102185.67,169982.41,263418.03,66146.57,142092.22,242734.46,366492.28,88254.62,203378.63,355129.72,562883.84,137538.99,314758.78,567791.52,957826.67,239139.6,558949.76,972605.26,1513679.35,302384.46,751638.17,1235427.2,1864969.41,403063.6,942069.5,1547766.38,2346731.06,514486.6,1158629.88,1862230.42,2748346.96,548576.59,1284050.63
营业税金及附加,127.26,316.35,84.3,152.18,228.99,331.75,88.69,204.8,327.21,1029.35,1033.59,2093.84,3368.84,5190.93,1150.27,2912.41,5008.26,7806.77,1308.02,3661.51,6376.79,11510.94,2760.72,6218.87,10047.39,15169.41,3278.42,7071.86,11987.51,19687.66,4752.26,9731.49,15755.23,25507.89,6617.83,17423.26,27690.81,37099.38,7029.14,17789.06,28194.13,41832.31,7733.74,16754.79
销售费用,11777.18,19088.15,4910.75,10490.96,15682.8,22680.46,7411.41,16730.21,27411.67,46491.46,10393.28,26712.98,43197.25,62555.25,15013.78,33564.85,57591.44,73187.26,17597.86,41885.52,68375.8,92742.64,26161.38,64512.68,104692.81,153325.01,42803.17,91352.78,144637.74,217904.53,52029.49,121183.15,200770.2,299127.38,70061.96,172692.5,296042.64,443022.01,108462.81,264939.33,417594.26,589250.04,131755.75,321326.01
管理费用,9704.06,14549.54,4142.26,8694.28,13284.71,20079.63,5861.8,13344.8,20924.61,37344.93,8334.07,20344.73,32877.18,50299.27,12262.58,27457.83,47509.94,77053.21,18562.85,41858.7,74330.37,109569.88,28373.0,68803.02,118196.5,164551.82,42246.17,99490.01,159994.18,221122.19,52066.14,127062.96,212382.43,310676.14,74781.74,176170.99,286206.54,420543.76,99505.95,250353.11,96029.33,137601.37,33983.51,73111.02
财务费用,-320.8,-550.09,-296.68,-593.61,-650.18,-910.71,-114.67,-290.6,-396.74,-1900.88,-1527.75,-3578.19,-5154.56,-7928.81,-950.25,-3703.95,-5282.42,-7172.42,-2971.3,-4286.37,-5503.08,-8655.79,-1849.94,-3161.43,-5744.94,-8202.94,-1012.76,-4218.53,-9696.43,-15289.64,-1004.73,-9756.34,-12630.33,-22606.38,2161.95,6550.06,21829.91,26541.13,25743.01,-15852.13,-36768.08,-42425.79,14043.73,-12994.34
资产减值损失,1900.05,1429.51,2.7,1367.32,1367.32,1320.49,45.49,1845.06,1839.71,4933.71,0.0,2794.01,2794.01,2606.33,0.0,5511.32,5511.32,5032.53,0.0,8166.92,11197.03,15711.32,80.09,11020.78,14444.51,18290.74,8288.46,16657.63,20372.61,33887.46,3845.64,15898.6,23878.45,31749.74,5940.12,25173.84,37547.88,48456.89,4930.41,32589.77,46481.7,42694.9,254.14,8014.37
公允价值变动收益,0.0,0.0,0.0,0.0,0.0,0.0,0.0,0.0,0.0,0.0,0.0,0.0,0.0,0.0,0.0,0.0,0.0,0.0,0.0,0.0,0.0,0.0,0.0,-374.14,-107.86,303.29,-455.24,-1060.66,-1565.92,-1615.46,-897.9,-828.19,-741.46,-4017.16,430.45,3855.25,3862.67,4209.01,-4225.36,-610.25,519.11,1340.69,330.12,186.64
投资收益,0.0,-240.92,0.0,-155.25,-155.25,-103.33,0.0,-50.0,-50.0,334.47,152.13,152.13,152.13,152.13,0.0,-9.62,-9.62,-29.51,480.67,1311.63,1877.82,3867.43,237.35,6178.04,9710.55,15102.44,4474.09,7916.46,9318.85,14867.34,1018.54,2645.15,4220.71,4049.33,2661.67,4965.22,4654.78,4465.01,2190.47,7826.71,6118.23,5192.96,1573.94,2122.44
其中:对联营企业和合营企业的投资收益,0.0,19.78,0.0,-155.25,-155.25,-103.33,0.0,-50.0,-50.0,334.47,152.13,152.13,152.13,152.13,0.0,-9.62,-9.62,-29.51,-9.42,-21.46,-37.04,-45.47,0.0,-35.27,-35.27,0.0,0.0,0.0,0.0,0.0,0.0,0.0,0.0,0.0,0.0,0.0,350.25,-252.53,34.28,253.81,-161.82,-907.29,-357.21,-421.52
汇兑收益,0.0,0.0,0.0,0.0,0.0,0.0,0.0,0.0,0.0,0.0,0.0,0.0,0.0,0.0,0.0,0.0,0.0,0.0,0.0,0.0,0.0,0.0,0.0,0.0,0.0,0.0,0.0,0.0,0.0,0.0,0.0,0.0,0.0,0.0,0.0,0.0,0.0,0.0,0.0,0.0,0.0,0.0,0.0,0.0
三、营业利润,34310.68,53520.81,13225.24,24469.21,46150.11,65837.31,21522.27,38141.13,69185.6,98607.27,28082.01,57766.98,98402.69,147175.12,35644.9,74023.65,126702.12,198949.81,47461.4,97506.17,178010.89,294695.29,66639.04,145256.72,267155.68,437756.42,98070.45,217190.46,375615.91,549399.35,106018.42,240878.81,441542.96,683010.07,144837.34,381235.43,668415.39,1044311.16,214455.58,470482.26,807512.81,1233566.34,184166.68,512778.91
加:营业外收入,4844.21,7250.77,1632.51,5080.23,7497.85,11125.65,2552.39,4731.69,6310.49,16091.14,2756.65,3204.89,3431.16,26144.47,5051.37,10945.19,19023.14,33206.56,5737.09,15309.9,26523.87,45325.53,11628.55,26694.5,44009.61,85647.0,25826.61,46082.17,70554.38,129397.9,33242.19,65198.47,96738.94,151091.93,35139.37,3451.63,10219.1,4672.93,1302.28,7315.04,11536.92,11136.29,2051.97,3830.71
减：营业外支出,116.57,292.17,42.95,80.84,181.62,341.75,66.97,167.2,267.25,408.2,93.95,219.68,375.0,582.63,130.49,308.45,583.73,795.8,189.39,497.88,848.01,1425.38,462.63,1133.41,1851.35,2769.18,666.45,1473.33,2463.09,3793.07,816.59,1803.88,2700.43,3084.17,89.54,228.05,278.73,302.04,153.63,458.41,671.31,859.35,208.51,841.42
其中：非流动资产处置损失,1.68,1.45,0.0,0.68,1.41,89.48,0.0,26.16,29.32,28.62,1.21,9.09,16.29,18.48,3.14,10.32,16.28,24.1,-2.71,13.36,23.48,37.75,-2.54,15.47,47.15,84.24,12.12,33.16,40.23,111.37,2.26,161.96,209.22,94.0,12.73,57.17,65.31,0.0,0.0,0.0,0.0,0.0,0.0,0.0
四、利润总额,39038.31,60479.41,14814.8,29468.6,53466.34,76621.21,24007.69,42705.62,75228.84,114290.21,30744.71,60752.19,101458.85,172736.96,40565.78,84660.39,145141.54,231360.56,53009.1,112318.18,203686.75,338595.43,77804.95,170817.82,309313.94,520634.24,123230.61,261799.3,443707.2,675004.17,138444.02,304273.39,535581.47,831017.83,179887.18,384459.0,678355.77,1048682.05,215604.22,477338.89,818378.41,1243843.29,186010.14,515768.19
减：所得税费用,2587.08,5607.1,1243.59,4743.85,5949.38,6019.25,3470.09,5274.53,9559.81,9052.69,4660.0,7781.39,14247.3,24488.66,5728.13,11419.43,20861.89,17317.93,7850.12,13159.22,27166.15,30890.14,8679.43,17894.02,37192.26,52564.11,18576.68,39990.27,65417.16,86764.39,24392.19,43253.2,50747.06,88990.52,31846.19,56865.84,66243.67,110931.88,37375.4,66580.28,83609.4,105674.0,34217.63,93392.07
五、净利润,36451.24,54872.32,13571.21,24724.75,47516.95,70601.95,20537.6,37431.09,65669.04,105237.52,26084.7,52970.8,87211.55,148248.29,34837.65,73240.96,124279.65,214042.63,45158.99,99158.97,176520.59,307705.29,69125.53,152923.8,272121.68,468070.12,104653.93,221809.02,378290.04,588239.78,114051.82,261020.19,484834.42,742027.31,148040.99,327593.17,612112.1,937750.16,178228.82,410758.61,734769.01,1138169.29,151792.5,422376.13
归属于母公司所有者的净利润,36451.67,54884.58,13571.21,24727.01,47487.58,70557.71,20497.6,37381.48,65544.59,105180.43,26075.49,52719.79,86898.66,148101.3,34751.93,72988.86,123817.98,213687.31,45043.19,98569.3,176016.19,306664.85,68663.32,151960.14,270972.05,466536.87,104464.19,220652.17,376998.68,586904.96,114361.54,260684.65,484995.75,742226.2,148081.69,329154.61,615281.42,941085.51,181596.46,414739.55,739580.32,1135286.92,153611.82,421675.52
少数股东损益,-0.43,-12.26,0.0,-2.26,29.38,44.24,40.0,49.61,124.45,57.09,9.22,251.02,312.9,147.0,85.72,252.1,461.66,355.32,115.79,589.67,504.4,1040.44,462.2,963.66,1149.63,1533.25,189.74,1156.85,1291.36,1334.82,-309.72,335.55,-161.34,-198.88,-40.7,-1561.44,-3169.32,-3335.34,-3367.64,-3980.94,-4811.3,2882.36,-1819.32,700.61
基本每股收益(元/股),0.0,1.22,0.3,0.55,1.06,1.57,0.46,0.82,1.39,2.2,0.52,0.53,0.87,1.48,0.35,0.36,0.62,1.07,0.22,0.245,0.438,0.76,0.171,0.378,0.675,1.17,0.26,0.55,0.94,1.46,0.285,0.43,0.81,1.227,0.245,0.357,0.671,1.03,0.199,0.449,0.806,1.24,0.168,0.444
稀释每股收益(元/股),0.0,1.22,0.3,0.55,1.06,1.57,0.46,0.82,1.39,2.2,0.52,0.53,0.87,1.48,0.35,0.36,0.62,1.07,0.22,0.25,0.438,0.76,0.171,0.378,0.675,1.16,0.26,0.55,0.93,1.45,0.283,0.43,0.8,1.221,0.242,0.357,0.673,1.024,0.197,0.449,0.804,1.234,0.167,0.444
七、其他综合收益,72.9,37.78,0.0,2.45,-85.3,52.65,64.23,81.37,113.08,75.72,40.91,162.54,184.79,55.0,69.09,-55.0,4.69,-66.72,-31.42,-150.5,-418.19,-80.52,20.14,-843.94,-987.84,-1166.04,-1189.43,-1109.62,-1471.26,-1798.92,-301.37,-1128.16,9672.98,-1268.78,276.79,2943.43,-542.35,1385.27,1515.99,-1428.48,-2727.86,-2406.3,342.14,549.17
八、综合收益总额,36524.13,54910.1,13571.21,24727.21,47431.65,70654.6,20601.83,37512.46,65782.12,105313.25,26125.62,53133.35,87396.35,148303.29,34906.74,73185.96,124284.33,213975.91,45127.57,99008.47,176102.4,307624.78,69145.66,152079.85,271133.84,466904.09,103464.5,220699.4,376818.78,586440.86,113750.45,259892.03,494507.4,740758.53,148317.78,330536.6,611569.75,939135.43,179744.8,409330.13,732041.15,1135762.99,152134.64,422925.3
归属于母公司所有者的综合收益总额,36524.57,54922.36,13571.21,24728.94,47444.25,70610.36,20544.04,37450.1,65639.43,105254.62,26101.41,52871.5,87084.53,148209.84,34830.27,72942.67,123787.17,213637.69,44982.79,98515.87,175825.88,306735.36,68710.89,151103.52,270025.91,465461.18,103611.02,219720.28,375731.47,585022.7,113681.72,258930.49,483357.0,740869.12,148461.62,332013.7,615320.76,942440.79,183311.68,413449.7,737008.17,1133097.08,153941.6,422167.8
归属于少数股东的综合收益总额,-0.43,-12.26,0.0,-1.74,-12.59,44.24,57.79,62.37,142.69,58.63,24.21,261.85,311.82,93.45,76.48,243.29,497.16,338.22,144.78,492.6,276.53,889.42,434.78,976.33,1107.93,1442.91,-146.52,979.12,1087.3,1418.16,68.73,961.54,11150.4,-110.59,-143.84,-1477.1,-3751.01,-3305.36,-3566.87,-4119.57,-4967.02,2665.9,-1806.96,757.49
