报表日期,2007-12-31,2008-12-31,2009-03-31,2009-06-30,2009-09-30,2009-12-31,2010-03-31,2010-06-30,2010-09-30,2010-12-31,2011-03-31,2011-06-30,2011-09-30,2011-12-31,2012-03-31,2012-06-30,2012-09-30,2012-12-31,2013-03-31,2013-06-30,2013-09-30,2013-12-31,2014-03-31,2014-06-30,2014-09-30,2014-12-31,2015-03-31,2015-06-30,2015-09-30,2015-12-31,2016-03-31,2016-06-30,2016-09-30,2016-12-31,2017-03-31,2017-06-30,2017-09-30,2017-12-31,2018-03-31,2018-06-30,2018-09-30,2018-12-31,2019-03-31,2019-06-30
一、营业总收入,18433.81,29517.99,2845.61,11219.49,20020.96,30439.88,4925.01,17761.02,26643.05,43017.53,8124.44,20571.47,40947.25,60057.74,17946.76,38221.16,61112.46,80857.0,22636.82,46083.55,70518.86,120082.92,26964.38,99167.39,189839.47,300991.45,68117.56,221393.57,383246.76,569811.52,173532.3,580660.91,1029336.66,1753110.15,552180.74,1208547.69,1713620.64,2247773.3,439650.56,1023435.78,1266159.47,1538052.23,197283.79,382097.93
营业收入,18433.81,29517.99,2845.61,11219.49,20020.96,30439.88,4925.01,17761.02,26643.05,43017.53,8124.44,20571.47,40947.25,60057.74,17946.76,38221.16,61112.46,80857.0,22636.82,46083.55,70518.86,120082.92,26964.38,99167.39,189839.47,300991.45,68117.56,221393.57,383246.76,569811.52,173532.3,580660.91,1029336.66,1753110.15,552180.74,1208547.69,1713620.64,2247773.3,439650.56,1023435.78,1266159.47,1538052.23,197283.79,382097.93
二、营业总成本,17138.6,26181.98,3876.66,9259.71,15755.34,24694.81,5700.22,15398.1,22073.32,36291.69,7983.69,17053.89,34021.31,48802.75,17214.52,31953.94,48995.72,63919.63,20932.83,37625.03,55977.9,95853.36,22843.45,76606.34,154927.96,252208.4,56101.27,174838.95,314845.0,474250.72,150949.83,487565.75,887504.8,1564474.06,499387.43,1063184.77,1493498.27,1973047.78,368211.09,878256.6,1115748.6,1473508.62,195687.04,405410.94
营业成本,11849.91,18892.02,1411.81,5365.3,9401.33,15374.9,3142.78,10207.79,14744.96,25160.4,5373.13,11393.93,24819.97,34724.22,11550.27,21300.23,32443.05,43106.91,13898.51,25350.32,37996.3,67631.1,14235.19,59595.28,124222.92,206422.21,41704.01,138925.26,253360.42,384443.52,127810.24,437222.37,801150.67,1442235.05,465944.85,990133.94,1392601.1,1833018.51,326618.12,785499.57,979613.86,1220877.53,174981.59,343224.44
营业税金及附加,166.37,158.74,55.82,127.85,196.03,320.89,33.46,163.21,219.87,329.77,57.44,151.31,237.66,493.7,197.95,464.03,858.67,825.7,234.24,567.72,670.98,1023.75,267.96,320.77,808.6,2138.58,623.09,2644.55,4894.29,5911.55,1049.54,3826.76,6960.25,9806.31,1933.12,3645.53,5235.48,4519.13,2115.28,5920.84,6898.52,6238.48,980.76,1092.11
销售费用,1684.89,2226.68,641.06,1233.46,2010.21,3476.86,666.3,1334.74,2094.38,3430.45,869.34,1842.05,2862.76,4603.21,1631.11,3011.08,4444.91,6347.28,1754.25,3388.16,4811.18,7035.55,1700.35,3098.04,4766.95,8992.34,2627.1,4413.06,7042.08,9634.91,2419.18,4410.21,6426.04,8987.79,3278.92,8078.35,13644.15,12765.9,4094.96,7521.52,10986.22,16580.66,3750.59,6789.63
管理费用,2263.51,3015.21,1497.64,1911.76,3095.02,3980.62,1432.22,2477.27,3383.3,5158.2,1281.8,2564.75,3884.59,5627.99,1994.25,3885.26,5921.58,7637.73,2713.29,4761.51,6710.39,10087.42,3853.06,7083.05,10867.87,15509.45,5319.2,10424.73,17642.31,26437.28,6908.31,13997.45,21231.23,30516.43,8894.3,18597.5,30779.76,53075.48,20450.71,38967.72,36806.85,50004.23,10603.84,23598.82
财务费用,1071.26,1414.67,270.33,591.43,1069.96,1405.54,336.83,701.33,1010.25,1226.9,364.22,826.05,1596.19,2426.72,1098.74,2212.73,3501.84,4849.31,1439.51,3046.18,4792.43,6704.91,2129.39,5243.7,8937.27,12714.64,5705.85,12492.58,19035.05,29910.54,7595.23,17425.02,32201.21,49270.31,15343.29,29556.11,43673.67,52912.63,8635.89,23654.85,46021.57,59142.16,12352.04,19902.41
资产减值损失,102.65,474.67,0.0,29.91,-17.2,136.01,88.63,513.75,620.56,985.96,37.76,275.79,620.14,926.92,742.19,1080.61,1825.67,1152.7,893.03,511.14,996.61,3370.63,657.51,1265.49,5324.35,6431.19,122.01,5938.78,12870.83,17912.91,5167.34,10683.94,19535.39,23658.17,3992.95,13173.33,7564.12,16756.13,6296.12,16692.11,15837.2,91387.74,0.0,0.0
公允价值变动收益,0.0,0.0,0.0,0.0,0.0,0.0,0.0,0.0,0.0,0.0,0.0,0.0,0.0,0.0,0.0,0.0,0.0,0.0,0.0,0.0,0.0,0.0,0.0,0.0,0.0,0.0,5.58,0.0,0.0,0.0,0.0,0.0,0.0,0.0,0.0,0.0,0.0,0.0,0.0,0.0,0.0,-458.19,0.0,339.04
投资收益,10.0,0.0,0.0,0.0,0.0,0.0,0.0,0.0,0.0,0.0,0.0,0.0,0.0,0.0,0.0,0.0,0.0,-27.2,-18.57,-117.05,-108.47,-180.51,-25.38,-40.65,-43.02,-8.23,-271.23,-5.46,19.31,87.67,-33.29,-29.09,-30.81,33.97,-10.39,156.75,81.55,5727.85,-16.11,-38.98,-53.89,-457.52,-15.47,-194.31
其中:对联营企业和合营企业的投资收益,0.0,0.0,0.0,0.0,0.0,0.0,0.0,0.0,0.0,0.0,0.0,0.0,0.0,0.0,0.0,0.0,0.0,-27.2,-18.57,-117.05,0.0,-180.51,-25.38,-40.65,-43.02,-40.36,-276.11,-114.37,-89.6,-21.24,-33.29,-29.09,-30.81,33.97,-10.39,156.75,81.55,1997.71,-16.11,-38.98,-53.89,-69.23,-15.47,-29.5
汇兑收益,0.0,0.0,0.0,0.0,0.0,0.0,0.0,0.0,0.0,0.0,0.0,0.0,0.0,0.0,0.0,0.0,0.0,0.0,0.0,0.0,0.0,0.0,0.0,0.0,0.0,0.0,0.0,0.0,0.0,0.0,0.0,0.0,0.0,0.0,0.0,0.0,0.0,0.0,0.0,0.0,0.0,0.0,0.0,0.0
三、营业利润,1305.21,3336.01,-1031.05,1959.78,4265.62,5745.07,-775.21,2362.92,4569.72,6725.85,140.75,3517.58,6925.94,11254.99,732.24,6267.21,12116.74,16910.17,1685.41,8341.47,14432.5,24049.04,4095.55,22520.4,34868.49,48774.82,11750.64,46549.16,68421.08,95648.47,22549.18,93066.08,141801.06,188670.06,52782.92,145519.67,220203.92,282980.19,72723.42,146822.85,152441.06,68017.87,2849.36,906.3
加:营业外收入,199.28,459.38,93.71,68.5,112.21,474.54,284.4,333.85,453.46,760.28,20.58,46.97,86.25,121.08,76.65,106.27,319.76,5532.9,53.12,77.55,116.64,450.79,20.73,127.11,278.23,449.27,69.22,140.63,322.1,676.5,590.93,773.99,1087.53,2351.99,336.59,1356.5,17734.03,16633.75,297.34,1575.92,1620.6,1407.55,66.55,164.59
减：营业外支出,1.69,196.15,0.0,0.0,3.4,11.07,0.56,0.56,0.66,2.17,0.5,0.0,0.0,17.33,0.0,0.0,20.0,619.65,0.0,1.0,1.51,118.99,0.02,12.87,12.87,28.36,0.06,4.49,4.49,4.49,0.0,0.0,0.0,0.0,0.0,0.0,130.0,194.82,4.08,12.26,15.01,1580.64,36.81,86.62
其中：非流动资产处置损失,0.69,175.33,0.0,0.0,2.9,10.57,0.0,0.0,0.16,0.17,0.0,0.0,0.0,17.33,0.0,0.0,0.0,38.57,0.0,0.0,0.51,90.88,0.02,12.87,12.87,12.87,0.06,4.49,4.49,4.49,0.0,0.0,0.0,0.0,0.0,0.0,0.0,0.0,0.0,0.0,0.0,0.0,0.0,0.0
四、利润总额,1502.8,3599.23,-937.34,2028.28,4374.43,6208.55,-491.36,2696.21,5022.53,7483.96,160.83,3564.56,7012.19,11358.74,808.89,6373.49,12416.5,21823.42,1738.53,8418.02,14547.63,24380.85,4116.25,22634.63,35133.86,49195.73,11819.8,46685.3,68738.69,96320.48,23140.11,93840.06,142888.59,191022.06,53119.51,146876.17,237807.95,299419.13,73016.67,148386.51,154046.65,67844.77,2879.1,984.27
减：所得税费用,475.88,832.81,5.36,364.62,827.68,1110.68,48.11,512.63,833.53,1734.43,55.89,498.94,986.65,1852.44,387.1,1164.97,2299.97,3816.67,749.99,1245.12,2285.59,3908.27,1055.12,3775.21,5921.53,8078.59,1999.94,6700.03,10492.45,14879.12,3960.39,14799.36,22903.31,27556.64,8639.22,23110.48,35665.02,34014.7,12169.46,22920.69,25889.68,9017.68,862.33,25.95
五、净利润,1026.92,2766.42,-942.7,1663.66,3546.75,5097.87,-539.47,2183.57,4189.0,5749.53,104.94,3065.62,6025.54,9506.3,421.79,5208.52,10116.54,18006.75,988.54,7172.9,12262.04,20472.58,3061.13,18859.42,29212.33,41117.14,9819.87,39985.27,58246.25,81441.36,19179.72,79040.7,119985.29,163465.42,44480.29,123765.69,202142.93,265404.43,60847.21,125465.82,128156.97,58827.09,2016.77,958.32
归属于母公司所有者的净利润,913.98,2710.21,-942.7,1663.66,3546.75,5097.87,-539.47,2183.57,4189.0,5749.53,104.94,3065.62,6025.54,9506.3,421.79,5213.24,10117.62,18006.02,988.16,7171.07,12248.01,20459.3,3075.9,18208.24,28046.14,40197.9,10236.39,40285.79,58392.87,82056.48,20287.84,80422.03,121545.88,161705.3,43671.57,121298.54,199490.34,253915.23,59365.87,121416.5,124362.92,50551.26,1049.58,2514.59
少数股东损益,112.94,56.21,0.0,0.0,0.0,0.0,0.0,0.0,0.0,0.0,0.0,0.0,0.0,0.0,0.0,-4.72,0.0,0.73,0.37,1.83,14.03,13.28,-14.77,651.18,1166.19,919.23,-416.52,-300.51,-146.62,-615.12,-1108.12,-1381.33,-1560.59,1760.11,808.72,2467.16,2652.59,11489.2,1481.34,4049.33,3794.04,8275.83,967.19,-1556.27
基本每股收益(元/股),0.22,0.45,-0.13,0.23,0.49,0.71,-0.07,0.27,0.49,0.65,0.01,0.16,0.31,0.49,0.022,0.13,0.26,0.46,0.03,0.14,0.24,0.4,0.06,0.36,0.55,0.79,0.2012,0.61,0.75,1.19,0.26,0.68,1.03,1.38,0.37,0.68,1.12,1.43,0.33,0.68,0.53,0.216,0.005,0.011
稀释每股收益(元/股),0.22,0.45,-0.13,0.23,0.49,0.71,-0.07,0.27,0.49,0.65,0.01,0.16,0.31,0.49,0.018,0.13,0.26,0.46,0.03,0.14,0.24,0.4,0.06,0.36,0.55,0.79,0.2012,0.61,0.75,1.19,0.26,0.68,1.03,1.36,0.37,0.68,1.12,1.42,0.33,0.68,0.53,0.215,0.005,0.011
七、其他综合收益,0.0,0.0,0.0,0.0,0.0,0.0,0.0,0.0,0.0,0.0,0.0,0.0,0.0,0.0,0.0,0.0,0.0,0.0,0.0,0.0,0.0,0.0,0.0,0.0,0.0,0.0,0.0,0.0,0.0,0.0,0.0,0.0,0.0,125.86,105.29,-115.25,462.95,-1333.46,-506.55,1082.6,3007.73,2754.71,-983.88,56.53
八、综合收益总额,1026.92,2766.42,-942.7,1663.66,3546.75,5097.87,-539.47,0.0,4189.0,5749.53,104.94,3065.62,6025.54,9506.3,421.79,5208.52,10116.54,18006.75,988.54,7172.9,12262.04,20472.58,3061.13,18859.42,29212.33,41117.14,9819.87,39985.27,58246.25,81441.36,19179.72,79040.7,119985.29,163591.28,44585.59,123650.44,202605.88,264070.97,60340.66,126548.42,131164.7,61581.8,1032.89,1014.85
归属于母公司所有者的综合收益总额,913.98,2710.21,-942.7,1663.66,3546.75,5097.87,-539.47,0.0,4189.0,5749.53,104.94,3065.62,6025.54,9506.3,421.79,5213.24,10117.62,18006.02,988.16,7171.07,12248.01,20459.3,3075.9,18208.24,28046.14,40197.9,10236.39,40285.79,58392.87,82056.48,20287.84,80422.03,121545.88,161831.16,43776.86,121189.79,199239.27,253538.64,60577.78,121605.21,123846.71,50095.3,1372.24,2327.13
归属于少数股东的综合收益总额,112.94,56.21,0.0,0.0,0.0,0.0,0.0,0.0,0.0,0.0,0.0,0.0,0.0,0.0,0.0,-4.72,-1.09,0.73,0.37,1.83,14.03,13.28,-14.77,651.18,1166.19,919.23,-416.52,-300.51,-146.62,-615.12,-1108.12,-1381.33,-1560.59,1760.11,808.72,2460.65,3366.61,10532.32,-237.12,4943.21,7317.99,11486.49,-339.35,-1312.28
