报表日期,2007-12-31,2008-09-30,2008-12-31,2009-03-31,2009-06-30,2009-09-30,2009-12-31,2010-03-31,2010-06-30,2010-09-30,2010-12-31,2011-03-31,2011-06-30,2011-09-30,2011-12-31,2012-03-31,2012-06-30,2012-09-30,2012-12-31,2013-03-31,2013-06-30,2013-09-30,2013-12-31,2014-03-31,2014-06-30,2014-09-30,2014-12-31,2015-03-31,2015-06-30,2015-09-30,2015-12-31,2016-03-31,2016-06-30,2016-09-30,2016-12-31,2017-03-31,2017-06-30,2017-09-30,2017-12-31,2018-03-31,2018-06-30,2018-09-30,2018-12-31,2019-03-31
一、营业总收入,1653.61,3459.76,5367.06,1822.24,3595.38,5336.54,7867.58,1756.63,3623.86,5226.41,7959.75,1560.64,4369.8,7938.75,13201.11,3072.29,7876.31,12716.62,18498.84,4342.76,11427.28,18022.43,32447.6,10094.16,20514.47,32971.34,48952.76,6644.08,15448.35,27455.02,34309.09,6238.79,11879.31,19686.65,32134.81,6962.12,16652.9,22979.79,31322.31,7451.24,14421.94,19965.5,33400.54,8577.31
营业收入,1653.61,3459.76,5367.06,1822.24,3595.38,5336.54,7867.58,1756.63,3623.86,5226.41,7959.75,1560.64,4369.8,7938.75,13201.11,3072.29,7876.31,12716.62,18498.84,4342.76,11427.28,18022.43,32447.6,10094.16,20514.47,32971.34,48952.76,6644.08,15448.35,27455.02,34309.09,6238.79,11879.31,19686.65,32134.81,6962.12,16652.9,22979.79,31322.31,7451.24,14421.94,19965.5,33400.54,8577.31
二、营业总成本,845.83,1782.64,2420.24,1102.46,2289.16,3216.86,4404.18,928.43,1949.52,3101.93,5802.5,1268.89,4245.53,7317.37,13264.95,3148.34,7400.91,12298.67,18151.52,4499.83,10240.43,16392.61,26921.28,9888.19,19819.46,33495.22,56849.36,7325.1,16474.21,29681.79,68355.79,6325.97,12839.76,19977.14,44871.02,7570.13,16596.69,22272.19,30614.85,6547.67,13438.63,18296.66,30501.31,7829.32
营业成本,195.65,266.76,442.8,180.53,392.59,530.6,843.38,222.26,501.03,817.63,1178.62,368.05,920.07,1460.63,4099.31,937.71,1953.92,3323.03,5756.17,1822.64,4165.97,6800.73,10230.33,3784.38,7670.03,13148.44,19933.91,2814.46,6778.14,13754.66,19529.9,1996.0,4506.32,6757.44,12308.61,3110.46,7762.33,10270.3,13780.19,3167.49,6331.01,8650.29,13723.8,3281.86
营业税金及附加,49.3,108.93,150.63,35.55,66.81,90.55,122.72,28.23,57.26,74.38,109.75,35.83,96.27,240.4,337.13,116.99,284.64,462.29,622.25,109.43,221.65,348.86,600.71,149.69,217.67,237.68,289.27,9.91,33.43,47.02,179.88,94.16,130.54,266.88,104.41,19.65,49.79,66.44,96.7,31.2,45.7,58.63,97.63,19.33
销售费用,179.7,1130.95,1433.76,499.48,1202.41,1706.02,2329.82,539.69,1097.66,1856.66,3099.03,562.9,2559.21,4233.78,6029.41,1322.03,3729.45,6272.98,8422.33,1658.66,3651.3,5606.82,8471.26,2460.51,5245.38,9826.69,15133.56,1569.79,3451.04,6573.49,8946.78,1710.59,3050.36,4873.23,6713.4,1249.02,2442.7,3418.5,4102.76,707.93,1921.84,2780.51,6271.64,2488.63
管理费用,353.64,355.51,613.29,420.77,691.1,995.67,1256.66,368.48,840.61,1283.81,2694.98,640.54,1311.74,2386.18,3511.49,1235.77,2312.34,3589.55,4837.85,1269.37,2564.1,4172.41,7567.46,3624.37,6938.41,10041.79,12516.48,2655.55,5138.22,7901.88,10511.74,2976.7,5794.32,8611.95,12838.09,2812.33,5983.48,8049.9,10380.08,2014.81,4419.48,2732.45,3809.32,923.2
财务费用,1.21,-79.51,-155.02,-25.55,-50.46,-92.7,-131.41,-235.2,-576.78,-940.33,-1295.57,-335.79,-670.81,-1069.0,-1484.84,-437.43,-866.28,-1313.76,-1667.36,-337.08,-548.09,-754.88,-838.39,-131.55,-150.53,247.8,853.15,441.35,1001.06,1122.8,948.73,53.25,-172.48,-216.74,-529.48,52.48,204.75,362.1,448.87,208.48,-82.5,-253.31,-103.99,205.42
资产减值损失,66.33,0.0,-65.22,-8.32,-13.29,-13.29,-16.99,4.97,29.74,9.77,15.68,-2.64,29.06,65.38,772.44,-26.74,-13.16,-35.42,180.28,-23.18,185.49,218.67,889.91,0.79,-101.51,-7.19,8122.99,-165.96,72.32,281.94,28238.77,-504.73,-469.29,-315.64,13435.99,326.18,153.64,104.94,1806.24,417.77,803.09,755.46,2221.47,-142.86
公允价值变动收益,0.0,0.0,0.0,0.0,0.0,0.0,0.0,0.0,0.0,0.0,0.0,0.0,0.0,0.0,0.0,0.0,0.0,0.0,0.0,0.0,0.0,0.0,0.0,0.0,0.0,0.0,0.0,0.0,0.0,0.0,0.0,0.0,0.0,0.0,0.0,0.0,0.0,0.0,0.0,0.0,0.0,0.0,13.15,56.47
投资收益,0.0,0.0,30.55,0.8,0.8,0.8,0.8,0.0,0.0,-1.24,-7.48,-12.78,53.15,-16.43,-2.86,-3.02,-30.45,29.62,-10.75,4.61,110.51,769.42,502.76,341.8,341.8,2258.66,6041.11,807.64,1263.03,1460.76,24887.04,-121.3,-80.8,-172.8,-430.62,577.38,703.01,844.3,3910.28,423.35,1096.44,1069.21,1073.34,11.99
其中:对联营企业和合营企业的投资收益,0.0,0.0,0.0,0.0,0.0,0.0,0.0,0.0,0.0,0.0,0.0,0.0,0.0,-16.43,-2.86,-3.02,-30.45,21.35,-18.15,4.61,20.28,20.63,3.66,-19.17,-19.17,76.89,218.39,829.6,1263.02,1460.75,1260.8,-121.3,-115.06,-235.21,-436.1,164.44,236.39,347.99,3357.68,-128.3,-113.05,-128.97,-154.89,-7.74
汇兑收益,0.0,0.0,0.0,0.0,0.0,0.0,0.0,0.0,0.0,0.0,0.0,0.0,0.0,0.0,0.0,0.0,0.0,0.0,0.0,0.0,0.0,0.0,0.0,0.0,0.0,0.0,0.0,0.0,0.0,0.0,0.0,0.0,0.0,0.0,0.0,0.0,0.0,0.0,0.0,0.0,0.0,0.0,0.0,0.0
三、营业利润,807.78,1677.12,2977.37,720.58,1307.02,2120.48,3464.19,828.2,1674.34,2123.23,2149.77,278.98,177.42,604.95,518.47,-79.07,444.95,447.58,336.57,-152.46,1297.36,2399.24,6029.08,547.78,1036.81,1734.78,-1855.49,126.61,237.17,-766.01,-9159.66,-208.48,-1041.25,-463.28,-13166.83,-30.63,759.21,1551.9,5058.93,1479.37,2182.74,2858.06,4171.55,878.45
加:营业外收入,3.2,597.0,980.91,168.06,555.42,830.17,974.34,417.17,628.05,1104.63,1614.52,317.89,641.88,723.28,1220.71,251.6,755.15,922.43,1236.71,293.17,387.83,448.06,721.6,232.31,623.08,932.86,1399.39,216.94,497.46,1114.45,17990.58,796.3,1755.09,1924.2,8646.15,253.05,484.53,622.19,463.11,46.9,413.46,433.06,520.94,466.41
减：营业外支出,0.03,10.02,17.89,0.0,0.0,0.12,25.24,0.02,13.27,13.54,15.21,4.0,4.55,7.57,9.7,6.93,11.94,11.96,40.47,15.79,118.44,121.06,141.96,2.14,39.01,135.92,762.48,0.02,2.49,4.32,78.82,0.54,51.94,225.73,227.09,3.43,23.56,58.73,28.08,5.75,6.28,6.28,29.22,0.14
其中：非流动资产处置损失,0.0,0.0,7.83,0.0,0.0,0.0,0.0,0.0,0.0,0.0,0.0,0.0,-0.58,-0.58,0.1,0.0,3.54,3.54,10.41,4.72,5.89,5.14,20.06,1.76,12.99,46.57,160.24,0.0,1.26,1.26,53.38,0.0,0.07,0.09,1.44,3.43,22.38,40.18,0.0,0.0,0.0,0.0,0.0,0.0
四、利润总额,810.95,2264.1,3940.39,888.64,1862.44,2950.53,4413.3,1245.35,2289.12,3214.32,3749.08,592.87,814.75,1320.66,1729.49,165.59,1188.16,1358.05,1532.8,124.92,1566.75,2726.24,6608.72,777.95,1620.87,2531.72,-1218.59,343.53,732.14,344.12,8752.1,587.29,661.89,1235.19,-4747.77,218.99,1220.19,2115.35,5493.96,1520.52,2589.91,3284.84,4663.27,1344.72
减：所得税费用,-16.74,157.67,274.19,41.71,94.82,163.67,300.44,97.04,214.35,287.61,298.18,-26.56,12.43,13.56,-31.84,107.28,101.86,78.76,-78.24,-195.71,-28.56,130.52,654.13,-81.27,-161.99,-132.57,-1863.68,-96.47,-463.65,-741.19,2491.4,292.42,176.96,434.38,1809.75,152.53,235.8,457.64,573.22,13.98,-246.3,-75.9,858.59,159.19
五、净利润,827.69,2106.43,3666.2,846.93,1767.62,2786.86,4112.86,1148.31,2074.77,2926.71,3450.91,619.43,802.32,1307.09,1176.16,58.32,1086.31,1279.3,1611.04,320.63,1595.31,2595.72,5954.59,859.22,1782.86,2664.29,645.09,440.0,1195.79,1085.31,6260.69,294.87,484.93,800.81,-6557.52,66.46,984.39,1657.71,4920.74,1506.54,2836.21,3360.74,3804.68,1185.53
归属于母公司所有者的净利润,833.52,2115.42,3668.14,846.96,1767.67,2786.93,4112.92,1148.31,2079.07,2915.99,3551.64,663.18,1040.8,1238.56,1429.43,182.12,1051.86,1316.82,1669.2,384.77,1751.3,2727.92,5102.73,749.61,1910.07,2791.37,-2203.59,605.14,1325.18,1566.39,6520.28,346.03,414.46,841.65,-4972.93,330.99,1204.06,1887.43,5029.67,1436.06,2750.87,3308.49,3636.19,1198.23
少数股东损益,-5.83,-9.0,-1.94,-0.03,-0.05,-0.07,-0.06,0.0,-4.3,10.71,-100.73,-43.75,-238.48,68.54,-253.27,-123.8,34.45,-37.53,-58.15,-64.14,-155.99,-132.2,851.86,109.6,-127.2,-127.08,2848.68,-165.14,-129.39,-481.08,-259.58,-51.16,70.48,-40.84,-1584.59,-264.53,-219.66,-229.72,-108.93,70.48,85.34,52.25,168.49,-12.7
基本每股收益(元/股),0.12,0.28,0.49,0.11,0.24,0.37,0.55,0.14,0.17,0.23,0.29,0.05,0.08,0.1,0.11,0.01,0.08,0.1,0.13,0.03,0.13,0.1,0.2,0.03,0.07,0.11,-0.08,0.02,0.05,0.06,0.25,0.01,0.02,0.03,-0.19,0.01,0.05,0.07,0.19,0.06,0.11,0.13,0.14,0.05
稀释每股收益(元/股),0.12,0.28,0.49,0.11,0.24,0.37,0.55,0.14,0.17,0.23,0.29,0.05,0.08,0.1,0.11,0.01,0.08,0.1,0.13,0.03,0.13,0.1,0.19,0.03,0.07,0.11,-0.08,0.02,0.05,0.06,0.25,0.01,0.02,0.03,-0.19,0.01,0.05,0.07,0.19,0.06,0.11,0.13,0.14,0.05
七、其他综合收益,0.0,0.0,-7.63,0.0,0.0,0.0,-0.19,0.0,0.0,0.0,0.0,0.0,0.0,0.0,4.93,0.0,-1.09,-2.04,2.83,0.57,3.2,1.23,-6.23,5.99,5.46,9.38,14.0,-0.27,3.04,-18.49,-113.66,37.08,-79.69,-89.94,-279.44,41.91,119.91,215.95,303.95,193.27,-69.73,-262.65,-243.29,1.26
八、综合收益总额,827.69,2106.43,3658.57,846.93,1767.62,2786.86,4112.66,1148.31,2074.77,2926.71,3450.91,619.43,802.32,1307.09,1703.58,58.32,1085.22,1277.26,1613.88,321.2,1598.51,2596.95,5948.36,865.2,1788.32,2673.68,659.09,439.74,1198.83,1066.82,6147.03,331.95,405.24,710.86,-6836.96,108.37,1104.3,1873.66,5224.69,1699.8,2766.49,3098.09,3561.39,1186.79
归属于母公司所有者的综合收益总额,833.52,2115.42,3660.5,846.96,1767.67,2786.93,4112.72,1148.31,2079.07,2915.99,3551.64,663.18,1040.8,1238.56,1859.2,182.12,1050.78,1314.78,1672.03,385.34,1754.49,2729.15,5096.51,755.6,1915.52,2800.76,-2189.59,604.88,1328.22,1547.9,6406.61,383.11,334.76,751.7,-5252.37,372.9,1323.97,2103.38,5333.61,1629.32,2681.15,3045.84,3392.9,1199.49
归属于少数股东的综合收益总额,-5.83,-9.0,-1.94,-0.03,-0.05,-0.07,-0.06,0.0,-4.3,10.71,-100.73,-43.75,-238.48,68.54,-155.61,-123.8,34.45,-37.53,-58.15,-64.14,-155.99,-132.2,851.86,109.6,-127.2,-127.08,2848.68,-165.14,-129.39,-481.08,-259.58,-51.16,70.48,-40.84,-1584.59,-264.53,-219.66,-229.72,-108.93,70.48,85.34,52.25,168.49,-12.7
