报表日期,2007-12-31,2008-12-31,2009-09-30,2009-12-31,2010-03-31,2010-06-30,2010-09-30,2010-12-31,2011-03-31,2011-06-30,2011-09-30,2011-12-31,2012-03-31,2012-06-30,2012-09-30,2012-12-31,2013-03-31,2013-06-30,2013-09-30,2013-12-31,2014-03-31,2014-06-30,2014-09-30,2014-12-31,2015-03-31,2015-06-30,2015-09-30,2015-12-31,2016-03-31,2016-06-30,2016-09-30,2016-12-31,2017-03-31,2017-06-30,2017-09-30,2017-12-31,2018-03-31,2018-06-30,2018-09-30,2018-12-31,2019-03-31,2019-06-30,2019-09-30
一、营业总收入,6685.03,14185.75,14787.7,20529.04,8534.82,16155.16,25064.5,34608.08,13022.01,28079.76,47674.68,65796.37,27950.82,52818.74,80963.01,106669.21,36423.2,75235.32,116274.32,148224.19,47613.59,93817.0,138499.24,170498.05,57763.98,117704.84,178060.3,226604.3,65592.13,123333.11,191281.72,230911.24,73605.48,148654.27,235022.69,311079.54,106752.88,216966.67,342146.39,435077.56,157107.1,296977.49,438096.91
营业收入,6685.03,14185.75,14787.7,20529.04,8534.82,16155.16,25064.5,34608.08,13022.01,28079.76,47674.68,65796.37,27950.82,52818.74,80963.01,106669.21,36423.2,75235.32,116274.32,148224.19,47613.59,93817.0,138499.24,170498.05,57763.98,117704.84,178060.3,226604.3,65592.13,123333.11,191281.72,230911.24,73605.48,148654.27,235022.69,311079.54,106752.88,216966.67,342146.39,435077.56,157107.1,296977.49,438096.91
二、营业总成本,4899.14,10562.14,9818.1,14392.25,4676.82,9687.49,16428.47,23862.7,8195.2,17642.18,30369.96,44054.31,15449.55,31670.38,52468.28,73496.46,22763.6,47790.66,74202.55,97944.85,27010.39,54062.85,84143.62,115087.35,35154.63,70276.9,112345.81,157701.42,41984.58,84582.97,129514.11,171250.49,41257.57,90903.99,150221.75,236726.93,57634.71,134686.05,222950.21,332233.2,94708.16,197490.52,307998.57
营业成本,3079.42,5632.68,5519.52,7552.79,3167.74,5931.18,8856.87,12297.01,4716.51,10239.66,17161.05,23582.1,9731.91,19143.12,29710.65,39070.12,12943.34,26750.15,41091.59,52327.44,16353.13,31323.67,46838.17,58000.88,20279.82,39034.88,59527.6,76421.08,23361.57,42865.76,66286.66,82207.32,25805.96,49161.91,78106.07,102414.55,34577.75,66835.33,105708.51,140692.17,51493.56,95002.23,143165.17
营业税金及附加,9.45,125.41,142.92,206.51,91.41,177.76,283.45,335.91,148.95,341.02,607.93,743.91,344.98,560.62,858.42,1102.81,420.92,895.11,1455.91,1820.44,768.73,1407.25,1899.22,2198.38,808.91,1548.98,2167.34,2762.9,950.28,1718.12,2616.97,3800.41,885.14,2086.25,3424.48,4570.68,1616.08,3334.27,5176.11,6312.99,2263.59,3296.27,4701.07
销售费用,1083.17,2975.84,2526.66,4580.29,967.46,2355.79,5493.83,8579.32,3162.94,6714.14,11612.62,18085.45,4425.09,9257.22,17966.58,26589.15,6962.22,15412.55,23960.88,31701.72,6054.06,14730.24,25526.45,39704.12,10921.8,23320.3,40189.69,61860.88,13465.74,30952.75,47699.3,63885.14,10993.74,28713.21,53392.54,97326.7,16694.63,49346.52,78703.81,128007.81,30083.56,74391.11,121215.78
管理费用,803.3,1810.48,1462.24,2023.26,438.97,1145.58,1718.31,2760.59,753.08,1875.62,3253.29,5128.48,1543.74,4243.83,6259.58,10095.44,2731.46,6231.88,9817.77,15397.47,4491.39,8375.93,12176.62,17672.6,4070.53,8871.93,14010.84,21339.29,4675.75,10238.52,15038.73,24447.29,4536.4,12601.48,17976.93,30602.55,4843.01,13137.37,20020.54,40091.15,7557.48,18693.03,29290.87
财务费用,-2.37,5.57,14.64,16.66,11.24,17.86,16.7,-151.35,-705.72,-1636.64,-2619.52,-3638.87,-858.8,-1658.4,-2474.13,-3556.72,-768.9,-1638.56,-2489.43,-3438.53,-1087.84,-2062.86,-3231.54,-4386.71,-1489.27,-2886.8,-4272.35,-5124.88,-1093.04,-1635.06,-2972.06,-4310.89,-1470.45,-2353.33,-3611.14,-4622.76,-1214.62,-3017.0,-2708.24,-2120.07,595.68,957.63,1456.44
研发费用,0.0,0.0,0.0,0.0,0.0,0.0,0.0,0.0,0.0,0.0,0.0,0.0,0.0,0.0,0.0,0.0,0.0,0.0,0.0,0.0,0.0,0.0,0.0,0.0,0.0,0.0,0.0,0.0,0.0,0.0,0.0,0.0,0.0,0.0,0.0,0.0,0.0,0.0,6090.65,10348.99,2112.74,5150.26,8169.25
资产减值损失,-73.83,12.17,152.12,12.74,0.0,59.31,59.31,41.21,119.44,108.38,354.6,153.23,262.63,123.99,147.19,195.65,474.55,139.53,365.84,136.33,430.92,288.62,934.72,1898.09,562.85,387.62,722.7,442.14,624.28,442.88,844.5,1221.23,506.78,694.47,932.87,6435.21,1117.86,5049.56,9958.84,8900.17,601.56,0.0,0.0
公允价值变动收益,-6.37,6.37,0.0,0.0,0.0,0.0,0.0,0.0,0.0,0.0,0.0,0.0,0.0,0.0,0.0,0.0,0.0,0.0,0.0,0.0,0.0,0.0,0.0,0.0,0.0,0.0,0.0,0.0,0.0,0.0,0.0,0.0,0.0,0.0,0.0,0.0,0.0,0.0,0.0,0.0,85.54,105.79,0.0
投资收益,7.38,-135.06,0.0,0.0,0.0,0.0,0.0,0.0,0.0,0.0,0.0,0.0,0.0,0.0,0.0,0.0,0.0,0.0,0.0,0.0,0.0,0.0,0.0,0.0,95.33,257.3,977.37,3180.48,1517.27,2476.75,3404.99,3922.24,3015.42,12103.38,12103.38,12586.78,200.87,962.49,2373.67,4798.23,675.44,933.43,1868.26
其中:对联营企业和合营企业的投资收益,0.0,0.0,0.0,0.0,0.0,0.0,0.0,0.0,0.0,0.0,0.0,0.0,0.0,0.0,0.0,0.0,0.0,0.0,0.0,0.0,0.0,0.0,0.0,0.0,0.0,0.0,0.0,0.0,0.0,0.0,0.0,-1191.96,0.0,0.0,0.0,-509.64,0.0,-148.5,-148.5,-553.51,0.0,0.0,0.0
汇兑收益,0.0,0.0,0.0,0.0,0.0,0.0,0.0,0.0,0.0,0.0,0.0,0.0,0.0,0.0,0.0,0.0,0.0,0.0,0.0,0.0,0.0,0.0,0.0,0.0,0.0,0.0,0.0,0.0,0.0,0.0,0.0,0.0,0.0,0.0,0.0,0.0,0.0,0.0,0.0,0.0,0.0,0.0,0.0
三、营业利润,1786.9,3494.91,4969.59,6136.79,3857.99,6467.67,8636.03,10745.38,4826.81,10437.58,17304.72,21742.06,12501.26,21148.36,28494.72,33172.75,13659.6,27444.66,42071.78,50279.34,20603.21,39754.15,54355.62,55410.7,22704.68,47685.24,66691.86,72083.37,25124.81,41226.9,65172.6,63582.98,35363.33,69853.66,97336.59,87835.9,49522.38,83664.6,122206.77,110259.72,63404.42,100790.73,131371.36
加:营业外收入,2.23,2.08,16.32,38.56,6.79,21.57,47.62,105.28,7.69,140.79,238.69,414.72,175.56,395.12,538.08,626.21,19.7,90.58,785.29,1136.32,67.67,1552.04,2061.85,4183.18,1099.77,1177.48,2026.82,3137.34,1636.89,1715.03,2442.6,2827.08,470.13,2127.81,1883.96,2136.59,5.79,4030.46,4057.92,4816.38,14.26,669.7,4300.97
减：营业外支出,221.09,50.53,45.84,39.86,0.0,10.5,56.66,60.52,0.78,1.1,98.55,164.26,0.21,246.4,360.9,678.63,8.86,114.95,1157.66,1094.72,32.31,47.2,240.82,370.17,7.04,70.03,112.67,1224.82,0.45,210.8,340.93,1038.48,428.91,548.08,737.98,1472.11,3.44,1151.14,1689.15,2177.4,26.48,72.03,196.19
其中：非流动资产处置损失,202.63,8.48,22.26,21.86,0.0,0.84,0.84,1.32,0.0,1.1,2.94,9.93,0.0,220.98,226.05,368.27,8.86,10.0,887.16,521.16,0.49,6.84,65.63,96.55,2.18,17.09,19.68,53.56,0.0,37.77,57.77,712.37,-21.78,119.98,153.34,0.0,0.0,0.0,0.0,0.0,0.0,0.0,0.0
四、利润总额,1568.04,3446.46,4940.07,6135.49,3864.78,6478.74,8627.0,10790.14,4833.73,10577.28,17444.86,21992.52,12676.62,21297.08,28671.91,33120.33,13670.44,27420.28,41699.41,50320.93,20638.57,41259.0,56176.66,59223.7,23797.41,48792.69,68606.01,73995.89,26761.25,42731.13,67274.27,65371.58,35404.54,71433.4,98482.57,88500.38,49524.73,86543.93,124575.55,112898.69,63392.2,101388.4,135476.13
减：所得税费用,355.4,775.96,793.67,918.25,596.38,1030.41,1355.65,1579.55,737.8,1629.08,2670.38,3349.01,1982.08,3317.91,4473.78,5084.9,1883.83,4125.83,6339.92,8152.29,2878.26,5943.78,8309.51,8964.21,3271.62,7182.73,10888.74,11961.85,4736.87,7603.94,11930.92,14606.11,6549.91,11725.58,15725.08,11819.77,11424.07,19097.27,25329.11,22055.52,15996.13,18407.33,21625.86
五、净利润,1212.65,2670.5,4146.39,5217.24,3268.4,5448.33,7271.35,9210.59,4095.92,8948.2,14774.48,18643.51,10694.54,17979.17,24198.13,28035.43,11786.61,23294.45,35359.48,42168.63,17760.31,35315.22,47867.15,50259.5,20525.79,41609.97,57717.27,62034.04,22024.38,35127.2,55343.35,50765.47,28854.63,59707.82,82757.49,76680.61,38100.66,67446.66,99246.43,90843.18,47396.07,82981.07,113850.27
归属于母公司所有者的净利润,1212.65,2670.5,4146.39,5217.24,3268.4,5448.33,7271.35,9210.59,4095.92,8948.2,14774.48,18643.51,10694.54,17979.17,24198.13,28035.43,11786.61,23294.45,35359.48,42168.63,17760.31,35315.22,47867.15,50259.5,20525.79,41691.69,58473.14,63549.61,22484.41,35877.98,56774.65,53521.18,28319.85,58226.85,80323.23,76625.56,37209.09,70460.71,105804.47,100218.5,49746.4,86685.14,119094.0
少数股东损益,0.0,0.0,0.0,0.0,0.0,0.0,0.0,0.0,0.0,0.0,0.0,0.0,0.0,0.0,0.0,0.0,0.0,0.0,0.0,0.0,0.0,0.0,0.0,0.0,0.0,-81.72,-755.87,-1515.57,-460.03,-750.79,-1431.3,-2755.71,534.78,1480.97,2434.25,55.05,891.57,-3014.05,-6558.04,-9375.32,-2350.33,-3704.07,-5243.73
基本每股收益(元/股),9.33,0.89,1.2,1.45,0.8,1.33,1.77,2.25,0.75,0.82,1.35,1.7,0.49,0.82,1.11,1.28,0.54,0.71,1.08,1.29,0.54,0.54,0.73,0.77,0.3,0.59,0.82,0.89,0.3088,0.25,0.39,0.37,0.1945,0.4,0.55,0.52,0.25,0.48,0.72,0.69,0.34,0.59,0.8
稀释每股收益(元/股),9.33,0.89,1.2,1.45,0.8,1.33,1.77,2.25,0.75,0.82,1.35,1.7,0.49,0.82,1.11,1.28,0.54,0.71,1.08,1.28,0.54,0.54,0.73,0.76,0.3,0.59,0.82,0.89,0.3088,0.25,0.39,0.37,0.1944,0.4,0.54,0.52,0.26,0.48,0.72,0.69,0.34,0.59,0.8
七、其他综合收益,0.0,0.0,0.0,0.0,0.0,0.0,0.0,0.0,0.0,0.0,0.0,0.0,0.0,0.0,0.0,0.0,0.0,0.0,0.0,0.0,0.0,0.0,-0.62,-28.76,27.32,-1.36,395.64,721.23,395.64,225.72,282.32,1296.9,-163.8,-546.38,-934.73,-975.65,-747.99,463.36,-332.86,-9088.28,-3619.37,172.72,-413.85
八、综合收益总额,1212.65,2670.5,0.0,5217.24,3268.4,5448.33,0.0,9210.59,4095.92,8948.2,14774.48,18643.51,10694.54,17979.17,24198.13,28035.43,11786.61,23294.45,35359.48,42168.63,17760.31,35315.22,47866.53,50230.74,20553.11,41608.6,58112.92,62755.27,22420.02,35352.91,55625.67,52062.38,28690.83,59161.44,81822.76,75704.96,37352.68,67910.02,98913.57,81754.9,43776.7,83153.79,113436.42
归属于母公司所有者的综合收益总额,1212.65,2670.5,0.0,5217.24,3268.4,5448.33,0.0,9210.59,4095.92,8948.2,14774.48,18643.51,10694.54,17979.17,24198.13,28035.43,11786.61,23294.45,35359.48,42168.63,17760.31,35315.22,47866.53,50230.74,20553.11,41690.32,58868.78,64270.84,22880.05,36103.7,57056.97,54818.09,28156.05,57680.47,79388.51,75649.91,36461.1,70924.07,106081.51,95512.35,47708.84,86857.86,121213.58
归属于少数股东的综合收益总额,0.0,0.0,0.0,0.0,0.0,0.0,0.0,0.0,0.0,0.0,0.0,0.0,0.0,0.0,0.0,0.0,0.0,0.0,0.0,0.0,0.0,0.0,0.0,0.0,0.0,-81.72,-755.87,-1515.57,-460.03,-750.79,-1431.3,-2755.71,534.78,1480.97,2434.25,55.05,891.57,-3014.05,-7167.94,-13757.46,-3932.14,-3704.07,-7777.15
