报表日期,2007-12-31,2008-12-31,2009-09-30,2009-12-31,2010-03-31,2010-06-30,2010-09-30,2010-12-31,2011-03-31,2011-06-30,2011-09-30,2011-12-31,2012-03-31,2012-06-30,2012-09-30,2012-12-31,2013-03-31,2013-06-30,2013-09-30,2013-12-31,2014-03-31,2014-06-30,2014-09-30,2014-12-31,2015-03-31,2015-06-30,2015-09-30,2015-12-31,2016-03-31,2016-06-30,2016-09-30,2016-12-31,2017-03-31,2017-06-30,2017-09-30,2017-12-31,2018-03-31,2018-06-30,2018-09-30,2018-12-31,2019-03-31,2019-06-30,2019-09-30,2019-12-31,2020-03-31,2020-06-30
一、营业总收入,32419.48,36496.09,25440.44,36725.42,10873.47,28111.87,46928.7,63208.12,17993.92,39802.5,62185.21,79561.07,19780.68,44679.7,62031.19,78761.91,15259.45,36511.56,56581.06,78678.43,18361.85,41194.57,62520.2,83730.99,20726.22,46356.89,74029.19,102006.95,31207.02,60753.91,88101.79,114725.9,37777.05,72256.12,105408.24,137778.89,34712.96,71920.54,105749.17,140069.01,33408.03,67863.08,97160.46,126905.36,27089.42,53461.24
营业收入,32419.48,36496.09,25440.44,36725.42,10873.47,28111.87,46928.7,63208.12,17993.92,39802.5,62185.21,79561.07,19780.68,44679.7,62031.19,78761.91,15259.45,36511.56,56581.06,78678.43,18361.85,41194.57,62520.2,83730.99,20726.22,46356.89,74029.19,102006.95,31207.02,60753.91,88101.79,114725.9,37777.05,72256.12,105408.24,137778.89,34712.96,71920.54,105749.17,140069.01,33408.03,67863.08,97160.46,126905.36,27089.42,53461.24
二、营业总成本,30107.09,32374.41,22668.2,32318.19,10471.14,25619.79,41487.29,56585.97,15454.61,33795.79,51682.37,68224.94,16811.06,40067.72,56055.37,72495.15,13722.68,33296.77,52979.51,74620.72,16773.35,37832.15,58377.21,79631.79,17962.76,41108.27,68103.66,94591.92,26921.25,52533.04,78197.75,101309.73,30656.37,59061.86,89961.77,129181.62,31136.92,64376.3,96135.85,163367.25,30037.84,59561.44,87064.77,113164.52,23183.04,47355.2
营业成本,24345.99,25521.63,18027.32,25660.94,8547.15,21090.46,34249.77,45519.72,12680.2,27472.27,42745.83,55887.98,14448.14,34096.65,47455.1,60415.46,11401.1,26923.18,42410.69,59038.89,13667.04,30769.49,47950.9,64008.97,14689.02,32595.96,53702.24,74671.95,22457.33,43114.35,62550.3,80105.67,24336.69,47393.0,71083.03,94140.34,24889.04,50690.25,75160.75,99183.03,22436.54,44987.79,64325.51,84738.68,17688.38,34699.02
营业税金及附加,19.44,21.79,17.27,19.19,0.0,5.21,14.4,43.99,134.09,304.6,485.24,622.07,145.88,288.59,365.65,497.7,46.39,238.72,405.81,490.2,92.65,244.58,398.85,531.87,136.29,299.5,468.89,626.15,263.97,487.44,730.87,1062.36,399.07,742.62,1059.36,1360.63,328.03,746.74,1077.08,1423.38,332.32,657.37,931.06,1239.22,242.13,577.45
销售费用,2834.76,2876.1,1768.65,2700.3,552.25,1708.91,2559.97,4128.42,724.61,1791.43,2715.05,4373.05,774.42,2056.74,2909.79,3966.23,692.32,1588.17,2623.35,4647.67,840.66,1998.57,3180.83,4652.66,1071.35,2614.46,4021.03,5622.08,1288.54,3013.71,4946.88,6437.84,1612.76,3689.69,5418.23,7753.95,1335.19,3781.06,5972.22,8562.75,2196.42,4759.13,7420.57,10519.17,2249.8,5241.34
管理费用,2109.96,2784.27,2003.72,2970.99,1041.22,1920.43,3196.41,5168.58,1500.1,3316.15,4923.97,6419.66,1775.91,3810.26,5811.85,7775.05,1967.29,4626.06,7152.68,9599.06,2128.16,4471.98,6705.79,9596.81,2032.12,4320.38,7344.26,11146.66,2792.94,5643.14,9217.11,13762.08,3251.97,6427.54,10757.4,17057.82,3877.57,8012.04,9841.81,13430.27,3300.54,6347.76,8125.97,11036.26,2174.17,4427.75
财务费用,593.73,1066.67,452.0,695.51,198.65,541.58,1043.5,1422.22,189.22,502.85,441.76,668.79,-585.56,-541.95,-852.92,-726.38,-393.65,-248.95,-46.43,167.23,216.65,6.17,101.32,254.92,-84.95,-100.51,-349.2,-448.46,193.45,254.14,439.67,172.85,288.12,371.55,1247.52,2094.19,337.15,846.08,1177.49,1772.75,884.4,972.57,3304.77,1494.87,27.67,414.45
研发费用,0.0,0.0,0.0,0.0,0.0,0.0,0.0,0.0,0.0,0.0,0.0,0.0,0.0,0.0,0.0,0.0,0.0,0.0,0.0,0.0,0.0,0.0,0.0,0.0,0.0,0.0,0.0,0.0,0.0,0.0,0.0,0.0,0.0,0.0,0.0,0.0,0.0,0.0,2786.42,4393.49,836.98,1836.82,2956.9,4136.31,800.89,1995.2
资产减值损失,203.21,103.94,399.25,271.26,131.85,353.19,423.23,303.04,226.38,408.49,370.52,253.39,252.27,357.44,365.89,567.08,9.22,169.6,433.4,677.67,-171.82,341.35,39.52,586.56,118.94,1378.48,2916.43,2973.53,-74.99,20.26,312.93,-231.07,767.76,437.46,396.22,6774.69,369.95,300.12,120.08,34601.58,50.64,0.0,0.0,0.0,0.0,0.0
公允价值变动收益,0.0,0.0,0.0,0.0,0.0,0.0,0.0,0.0,0.0,0.0,0.0,0.0,0.0,0.0,0.0,0.0,0.0,0.0,0.0,0.0,0.0,0.0,0.0,0.0,0.0,0.0,0.0,0.0,0.0,0.0,0.0,0.0,0.0,0.0,0.0,0.0,0.0,0.0,0.0,0.0,0.0,0.0,0.0,0.0,0.0,0.0
投资收益,0.0,0.0,-36.68,0.0,0.0,0.0,0.0,0.0,0.0,0.0,0.0,-9.83,0.0,-181.32,-206.14,-234.65,-15.06,-170.14,-228.99,-364.7,-41.08,-386.28,-390.83,-79.87,0.0,0.0,0.0,0.0,0.0,0.0,0.0,0.0,0.0,0.0,0.0,556.06,0.0,0.0,480.62,577.24,0.0,0.0,344.0,-2385.7,0.0,0.0
其中:对联营企业和合营企业的投资收益,0.0,0.0,0.0,0.0,0.0,0.0,0.0,0.0,0.0,0.0,0.0,-9.83,0.0,-181.32,-206.14,-234.65,0.0,-170.14,-228.99,-364.7,0.0,-386.28,-390.83,-390.83,0.0,0.0,0.0,0.0,0.0,0.0,0.0,0.0,0.0,0.0,0.0,-20.91,0.0,0.0,0.0,4.56,0.0,0.0,0.0,4.17,0.0,0.0
汇兑收益,0.0,0.0,0.0,0.0,0.0,0.0,0.0,0.0,0.0,0.0,0.0,0.0,0.0,0.0,0.0,0.0,0.0,0.0,0.0,0.0,0.0,0.0,0.0,0.0,0.0,0.0,0.0,0.0,0.0,0.0,0.0,0.0,0.0,0.0,0.0,0.0,0.0,0.0,0.0,0.0,0.0,0.0,0.0,0.0,0.0,0.0
三、营业利润,2312.39,4121.68,2735.56,4407.24,402.33,2492.09,5441.41,6622.15,2539.32,6006.71,10502.84,11326.3,2969.62,4430.65,5769.69,6032.12,1521.71,3044.65,3372.57,3693.02,1547.43,2976.14,3752.16,4019.33,2763.46,5248.62,5925.53,7415.03,4285.77,8220.86,9904.04,13416.17,7120.68,13194.26,15446.47,10086.51,3771.43,8025.5,10765.93,-21510.81,3528.91,8808.32,10896.34,8507.58,3856.4,6534.56
加:营业外收入,547.62,544.26,870.13,884.53,33.02,63.45,72.33,468.67,228.97,271.36,272.97,504.62,199.65,263.45,271.82,373.65,361.02,368.43,400.79,489.44,339.93,624.38,772.19,1050.53,92.35,450.72,734.57,2265.22,196.59,572.34,879.96,1148.29,217.58,463.4,832.78,5724.99,37.78,12.81,57.39,221.01,27.63,24.21,53.01,261.53,22.4,27.06
减：营业外支出,196.36,200.07,41.19,60.59,19.02,22.27,22.27,149.67,159.07,291.93,300.71,443.53,189.25,194.16,197.79,429.43,8.9,267.6,370.24,510.68,93.64,345.84,1399.3,1549.82,310.87,737.11,918.07,2699.06,5.41,221.48,301.44,576.59,18.57,128.62,235.7,538.76,60.95,89.83,200.63,228.74,23.61,74.59,208.17,281.26,0.48,43.38
其中：非流动资产处置损失,158.94,152.59,9.24,33.23,0.0,20.89,0.0,129.73,157.97,286.51,286.67,411.81,181.26,181.26,184.87,359.11,5.15,252.79,350.48,430.41,93.64,339.34,1392.66,1505.44,290.57,707.9,796.99,1085.42,0.0,152.09,197.19,319.35,16.22,16.9,52.77,0.0,0.0,0.0,0.0,0.0,0.0,0.0,0.0,0.0,0.0,0.0
四、利润总额,2663.65,4465.87,3564.49,5231.17,416.33,2533.26,5491.47,6941.15,2609.21,5986.14,10475.1,11387.39,2980.01,4499.94,5843.72,5976.33,1873.82,3145.48,3403.12,3671.78,1793.71,3254.68,3125.05,3520.04,2544.93,4962.23,5742.03,6981.19,4476.95,8571.73,10482.56,13987.87,7319.69,13529.04,16043.55,15272.75,3748.25,7948.48,10622.69,-21518.54,3532.93,8757.94,10741.18,8487.86,3878.32,6518.24
减：所得税费用,583.01,769.61,538.67,763.87,62.45,374.12,778.78,991.03,391.52,897.92,1558.89,1621.83,481.3,824.69,821.2,867.87,285.85,539.62,628.93,354.3,256.06,452.22,654.4,237.47,376.19,746.38,800.92,936.17,844.86,1334.94,1823.53,2041.93,928.0,1891.52,2370.8,3597.32,690.32,1124.92,1675.23,1451.53,616.53,1014.46,-226.0,-3521.23,597.34,803.1
五、净利润,2080.64,3696.25,3025.82,4467.3,353.88,2159.14,4712.7,5950.12,2217.69,5088.22,8916.21,9765.56,2498.71,3675.25,5022.52,5108.47,1587.97,2605.86,2774.19,3317.48,1537.66,2802.46,2470.65,3282.58,2168.74,4215.85,4941.11,6045.02,3632.1,7236.78,8659.03,11945.94,6391.69,11637.52,13672.75,11675.43,3057.93,6823.56,8947.46,-22970.07,2916.4,7743.49,10967.18,12009.09,3280.98,5715.14
归属于母公司所有者的净利润,2114.67,3701.3,3025.82,4467.3,353.88,2159.14,4712.7,5950.12,2217.69,5088.22,8916.21,9765.56,2498.71,3675.25,5022.52,5109.21,1611.39,2708.36,3048.54,3721.79,1624.5,3067.75,2791.85,3648.2,2168.74,4215.85,4941.11,6045.02,3632.1,7238.05,8659.03,11954.7,6263.01,11382.88,13491.82,11090.29,2975.57,6325.0,8500.05,-23312.77,2953.87,7645.13,10875.96,12488.89,3281.21,5716.11
少数股东损益,-34.03,-5.05,0.0,0.0,0.0,0.0,0.0,0.0,0.0,0.0,0.0,0.0,0.0,0.0,0.0,-0.75,-23.43,-102.51,-274.35,-404.31,-86.84,-265.29,-321.2,-365.62,0.0,0.0,0.0,0.0,0.0,-1.27,0.0,-8.76,128.67,254.65,180.94,585.15,82.36,498.56,447.41,342.7,-37.47,98.35,91.21,-479.8,-0.23,-0.97
基本每股收益(元/股),0.36,0.54,0.43,0.64,0.05,0.31,0.67,0.85,0.24,0.54,0.95,1.0679,0.27,0.2,0.27,0.2764,0.09,0.145,0.16,0.1992,0.087,0.1642,0.1495,0.1953,0.1161,0.2257,0.2645,0.3236,0.1944,0.1211,0.1449,0.2,0.1048,0.1904,0.2257,0.1855,0.05,0.1058,0.1422,-0.39,0.05,0.1289,0.1834,0.21,0.0531,0.0924
稀释每股收益(元/股),0.0,0.0,0.0,0.0,0.05,0.0,0.0,0.85,0.24,0.54,0.95,1.0679,0.27,0.2,0.27,0.28,0.09,0.145,0.16,0.1992,0.087,0.1642,0.1495,0.1953,0.1161,0.2257,0.2645,0.3236,0.1944,0.1211,0.1449,0.2,0.1048,0.1904,0.2257,0.1855,0.05,0.1058,0.1422,-0.39,0.05,0.1289,0.1834,0.21,0.0531,0.0924
七、其他综合收益,0.0,0.0,0.0,0.0,0.0,0.0,0.0,0.0,0.0,0.0,0.0,0.0,0.0,0.0,0.0,0.0,0.0,0.0,0.0,0.0,0.0,0.0,0.0,0.0,0.0,0.0,0.0,0.0,0.0,0.0,0.0,0.0,0.0,0.0,0.0,0.0,0.0,0.0,0.0,0.0,0.0,0.0,0.0,0.0,0.0,0.0
八、综合收益总额,2080.64,3696.25,3025.82,4467.3,353.88,2159.14,4712.7,5950.12,2217.69,5088.22,8916.21,9765.56,2498.71,3675.25,5022.52,5108.47,1587.97,2605.86,2774.19,3317.48,1537.66,2802.46,2470.65,3282.58,2168.74,4215.85,4941.11,6045.02,3632.1,7236.78,8659.03,11945.94,6391.69,11637.52,13672.75,11675.43,3057.93,6823.56,8947.46,-22970.07,2916.4,7743.49,10967.18,12009.09,3280.98,5715.14
归属于母公司所有者的综合收益总额,2114.67,3701.3,3025.82,4467.3,353.88,2159.14,4712.7,5950.12,2217.69,5088.22,8916.21,9765.56,2498.71,3675.25,5022.52,5109.21,1611.39,2708.36,3048.54,3721.79,1624.5,3067.75,2791.85,3648.2,2168.74,4215.85,4941.11,6045.02,3632.1,7238.05,8659.03,11954.7,6263.01,11382.88,13491.82,11090.29,2975.57,6325.0,8500.05,-23312.77,2953.87,7645.13,10875.96,12488.89,3281.21,5716.11
归属于少数股东的综合收益总额,-34.03,-5.05,0.0,0.0,0.0,0.0,0.0,0.0,0.0,0.0,0.0,0.0,0.0,0.0,0.0,-0.75,-23.43,-102.51,-274.35,-404.31,-86.84,-265.29,-321.2,-365.62,0.0,0.0,0.0,0.0,0.0,-1.27,0.0,-8.76,128.67,254.65,180.94,585.15,82.36,498.56,447.41,342.7,-37.47,98.35,91.21,-479.8,-0.23,-0.97
