报表日期,2007-12-31,2008-12-31,2009-12-31,2010-03-31,2010-06-30,2010-09-30,2010-12-31,2011-03-31,2011-06-30,2011-09-30,2011-12-31,2012-03-31,2012-06-30,2012-09-30,2012-12-31,2013-03-31,2013-06-30,2013-09-30,2013-12-31,2014-03-31,2014-06-30,2014-09-30,2014-12-31,2015-03-31,2015-06-30,2015-09-30,2015-12-31,2016-03-31,2016-06-30,2016-09-30,2016-12-31,2017-03-31,2017-06-30,2017-09-30,2017-12-31,2018-03-31,2018-06-30,2018-09-30,2018-12-31,2019-03-31,2019-06-30,2019-09-30
一、营业总收入,3140.33,4941.71,7898.56,3568.33,5717.25,7177.91,12124.72,3817.83,7409.08,10259.48,17881.13,5946.31,11367.6,17813.6,31300.32,8843.0,19652.39,30152.27,46816.14,9576.0,21765.26,32287.2,61526.64,12319.67,29493.33,47166.6,93110.91,18410.42,44909.51,67105.59,127774.77,22472.55,54725.59,79763.15,150598.95,23063.51,57889.41,95198.1,199617.79,28461.94,64661.59,110542.94
营业收入,3140.33,4941.71,7898.56,3568.33,5717.25,7177.91,12124.72,3817.83,7409.08,10259.48,17881.13,5946.31,11367.6,17813.6,31300.32,8843.0,19652.39,30152.27,46816.14,9576.0,21765.26,32287.2,61526.64,12319.67,29493.33,47166.6,93110.91,18410.42,44909.51,67105.59,127774.77,22472.55,54725.59,79763.15,150598.95,23063.51,57889.41,95198.1,199617.79,28461.94,64661.59,110542.94
二、营业总成本,2999.97,3938.54,5800.45,2204.0,4070.92,5240.37,8208.64,2290.76,4948.01,6928.32,12020.84,4144.92,8304.62,13547.13,23146.86,6795.53,16653.26,25781.43,37744.64,7307.71,18319.66,27847.44,47518.99,10091.29,24318.78,39253.46,71126.79,15031.06,37956.15,55949.16,98661.39,17710.22,45226.9,65265.77,110577.88,20473.74,49029.08,79107.9,147670.11,24136.4,60514.02,97060.87
营业成本,1752.52,2556.39,3758.76,1258.55,2619.99,3140.5,5186.91,1423.36,3458.71,4893.91,8447.3,2912.71,5958.02,10026.46,16837.54,4708.7,11392.64,17819.47,25927.61,4175.73,11275.18,17609.47,31781.52,6354.22,15555.22,24839.57,49307.81,9139.67,26027.43,37110.99,68630.5,11124.34,29593.95,43180.47,75652.81,12385.64,31820.09,51162.72,101101.79,14098.25,33187.51,55195.24
营业税金及附加,51.2,76.79,140.4,53.22,93.41,103.97,198.56,86.79,167.73,278.25,429.68,145.17,439.47,567.41,648.04,23.91,93.09,106.25,162.62,60.0,122.71,182.49,415.6,92.01,226.04,354.12,687.96,132.93,259.47,333.49,812.95,184.08,609.62,811.35,1399.36,153.87,409.47,563.95,1375.01,244.39,706.55,932.08
销售费用,254.65,279.43,295.13,103.76,180.23,325.33,520.74,123.42,290.71,571.32,1002.11,251.36,522.67,951.36,2018.28,412.56,885.95,1718.25,2923.68,709.18,1440.41,2285.1,3872.86,669.95,1763.39,2968.79,5180.35,1042.72,2970.02,4999.12,7680.96,1799.66,3955.1,5983.97,9288.32,2536.64,5318.21,8529.82,11893.34,2317.39,6339.53,10881.14
管理费用,947.16,981.0,1598.34,791.16,1152.73,1641.56,2256.95,680.81,1516.49,2059.87,3332.2,1155.14,1945.83,2826.77,4596.99,1801.62,4536.69,6531.31,9046.19,2403.86,5217.37,7512.24,10861.84,2997.67,6525.53,10320.69,15046.65,4417.46,8439.83,12924.85,16989.46,4493.67,10606.43,15220.05,21744.94,5565.87,12161.52,12294.39,18484.05,5040.52,7552.72,10947.02
财务费用,5.51,1.58,3.12,-2.69,-4.32,0.12,-2.97,-23.61,-494.03,-863.95,-1248.36,-319.46,-553.47,-816.45,-1018.86,-151.26,-310.31,-453.74,-535.95,-41.05,-10.85,-16.84,-37.95,-22.56,-42.68,170.51,411.22,339.12,293.76,304.83,-726.63,226.52,272.51,-191.87,-507.83,-112.56,-171.85,-35.0,192.23,-244.18,387.81,273.51
研发费用,0.0,0.0,0.0,0.0,0.0,0.0,0.0,0.0,0.0,0.0,0.0,0.0,0.0,0.0,0.0,0.0,0.0,0.0,0.0,0.0,0.0,0.0,0.0,0.0,0.0,0.0,0.0,0.0,0.0,0.0,0.0,0.0,0.0,0.0,0.0,0.0,0.0,7135.33,11166.35,2815.47,12339.9,18831.89
资产减值损失,-11.07,43.36,4.71,0.0,28.89,28.89,48.44,0.0,8.39,-11.07,57.9,0.0,-7.88,-8.43,64.87,0.0,55.21,59.89,220.5,0.0,274.84,274.97,625.12,0.0,291.29,599.77,492.8,-40.85,-34.35,275.88,5274.15,-118.06,189.29,261.8,3000.28,-55.73,-508.37,-543.31,3457.34,0.0,0.0,0.0
公允价值变动收益,0.0,0.0,0.0,0.0,0.0,0.0,0.0,0.0,0.0,0.0,0.0,0.0,0.0,0.0,0.0,0.0,0.0,0.0,0.0,0.0,0.0,0.0,0.0,0.0,0.0,0.0,0.0,0.0,0.0,0.0,0.0,0.0,0.0,0.0,0.0,0.0,0.0,0.0,0.0,0.0,0.0,0.0
投资收益,0.0,0.0,2.07,0.0,0.0,0.0,0.0,0.0,0.0,0.0,0.0,0.0,0.0,0.0,0.0,-63.14,-108.61,-161.09,-206.51,-40.31,-91.69,-135.57,-198.92,-46.69,-92.55,-176.88,-121.43,-28.71,-336.76,461.27,1427.88,829.34,2117.27,2500.84,3430.44,756.81,1718.33,2433.43,3598.73,-119.87,752.9,903.28
其中:对联营企业和合营企业的投资收益,0.0,0.0,0.0,0.0,0.0,0.0,0.0,0.0,0.0,0.0,0.0,0.0,0.0,0.0,0.0,0.0,-108.61,0.0,0.0,0.0,-91.69,0.0,0.0,0.0,0.0,0.0,0.0,0.0,0.0,0.0,0.0,0.0,0.0,0.0,0.0,0.0,0.0,0.0,1481.12,0.0,0.0,0.0
汇兑收益,0.0,0.0,0.0,0.0,0.0,0.0,0.0,0.0,0.0,0.0,0.0,0.0,0.0,0.0,0.0,0.0,0.0,0.0,0.0,0.0,0.0,0.0,0.0,0.0,0.0,0.0,0.0,0.0,0.0,0.0,0.0,0.0,0.0,0.0,0.0,0.0,0.0,0.0,0.0,0.0,0.0,0.0
三、营业利润,140.36,1003.17,2100.18,1364.33,1646.33,1937.55,3916.08,1527.07,2461.07,3331.16,5860.29,1801.39,3062.98,4266.47,8153.46,1984.33,2890.52,4209.75,8864.99,2227.98,3353.91,4304.19,13808.73,2181.68,5082.0,7736.26,21862.68,3350.66,6616.6,11617.69,30541.25,5591.67,12111.11,18107.67,45971.63,4245.41,12108.76,21412.4,59607.13,5002.68,8547.98,18995.01
加:营业外收入,333.04,478.58,835.31,77.81,402.63,577.29,958.32,80.0,311.93,318.97,884.99,0.0,50.0,117.51,222.84,44.31,274.79,560.7,864.41,158.46,473.5,1032.7,1034.82,465.08,1189.62,1674.09,2892.69,341.45,987.87,1577.09,6082.82,373.44,498.31,575.23,3860.39,0.96,224.81,224.84,441.22,0.77,349.81,561.98
减：营业外支出,0.28,10.94,33.74,0.0,0.0,0.0,0.0,0.0,4.12,4.12,4.12,0.0,0.0,0.0,0.02,0.0,0.01,8.14,8.25,19.89,19.9,23.01,98.58,0.85,1.6,4.45,16.76,0.28,3.17,6.81,8.27,89.03,159.03,178.99,186.41,12.11,12.11,17.01,1440.37,77.95,98.57,152.42
其中：非流动资产处置损失,0.0,0.0,5.95,0.0,0.0,0.0,0.0,0.0,0.0,0.0,0.0,0.0,0.0,0.0,0.0,0.0,0.0,0.0,1.74,0.0,0.0,0.0,0.0,0.0,0.0,0.0,14.22,0.0,3.16,6.8,6.96,9.02,9.02,28.98,0.0,0.0,0.0,0.0,0.0,0.0,0.0,0.0
四、利润总额,473.12,1470.82,2901.76,1442.14,2048.96,2514.84,4874.4,1607.07,2768.88,3646.02,6741.16,1801.39,3112.98,4383.98,8376.28,2028.64,3165.31,4762.3,9721.15,2366.55,3807.51,5313.88,14744.96,2645.92,6270.02,9405.9,24738.62,3691.83,7601.3,13187.98,36615.81,5876.08,12450.39,18503.9,49645.61,4234.27,12321.46,21620.23,58607.98,4925.5,8799.21,19404.57
减：所得税费用,38.34,157.44,404.98,216.48,270.62,286.29,657.18,211.01,375.87,461.72,984.11,233.99,493.97,631.9,1300.92,256.92,282.12,571.85,729.35,237.64,209.72,308.66,1259.64,272.73,772.44,969.64,1940.82,371.86,711.71,1232.02,3230.42,1118.31,1971.24,2441.61,5708.37,685.78,1510.72,2891.92,5561.49,843.07,458.94,1408.35
五、净利润,434.78,1313.37,2496.78,1225.66,1778.34,2228.55,4217.22,1396.06,2393.02,3184.3,5757.06,1567.4,2619.01,3752.07,7075.35,1771.71,2883.19,4190.45,8991.8,2128.9,3597.78,5005.23,13485.33,2373.19,5497.57,8436.26,22797.8,3319.97,6889.58,11955.96,33385.39,4757.77,10479.14,16062.3,43937.24,3548.49,10810.74,18728.31,53046.48,4082.43,8340.27,17996.21
归属于母公司所有者的净利润,434.78,1313.58,2496.8,1225.66,1778.34,2228.55,4217.22,1396.06,2393.02,3184.3,5757.06,1567.4,2619.01,3752.07,7075.35,1771.71,2890.92,4204.82,9023.64,2156.52,3647.43,5084.75,13562.87,2397.3,5502.14,8445.93,22851.55,3330.67,6929.05,12015.75,32790.11,4883.37,10366.08,15727.89,43078.89,3607.4,10623.31,18243.38,51825.91,4341.03,8652.42,18405.43
少数股东损益,0.0,-0.21,-0.03,0.0,0.0,0.0,0.0,0.0,0.0,0.0,0.0,0.0,0.0,0.0,0.0,0.0,-7.73,-14.36,-31.84,-27.62,-49.64,-79.52,-77.54,-24.11,-4.57,-9.67,-53.76,-10.7,-39.47,-59.79,595.27,-125.6,113.06,334.4,858.36,-58.91,187.44,484.93,1220.57,-258.61,-312.15,-409.22
基本每股收益(元/股),0.87,0.66,1.2,0.4,0.59,0.73,1.39,0.34,0.62,0.81,1.45,0.29,0.32,0.31,0.58,0.15,0.24,0.34,0.73,0.16,0.14,0.2,0.52,0.09,0.1,0.15,0.41,0.06,0.12,0.2,0.53,0.08,0.1,0.15,0.41,0.03,0.1,0.17,0.5,0.04,0.08,0.18
稀释每股收益(元/股),0.87,0.66,1.2,0.4,0.59,0.73,1.39,0.34,0.62,0.81,1.45,0.29,0.32,0.31,0.58,0.15,0.23,0.34,0.72,0.16,0.14,0.19,0.52,0.08,0.1,0.15,0.4,0.06,0.12,0.2,0.53,0.08,0.1,0.15,0.41,0.03,0.1,0.17,0.5,0.04,0.08,0.18
七、其他综合收益,0.0,0.0,0.0,0.0,0.0,0.0,0.0,0.0,0.0,0.0,0.0,0.0,0.0,0.0,0.0,0.0,0.0,0.0,0.0,0.0,0.0,0.0,0.0,0.0,0.0,7.59,-4.94,5.71,-189.69,-252.62,-365.13,-226.9,120.75,171.05,142.4,65.19,-67.79,124.24,-35.76,79.88,-0.4,-12.41
八、综合收益总额,434.78,1313.37,2496.78,1225.66,1778.34,2228.55,4217.22,1396.06,2393.02,3184.3,5757.06,1567.4,2619.01,3752.07,7075.35,1771.71,2883.19,4190.45,8991.8,2128.9,3597.78,5005.23,13485.33,2373.19,5497.57,8443.85,22792.86,3325.68,6699.89,11703.34,33020.25,4530.88,10599.89,16233.35,44079.64,3613.68,10742.95,18852.55,53010.73,4162.31,8339.87,17983.8
归属于母公司所有者的综合收益总额,434.78,1313.58,2496.8,1225.66,1778.34,2228.55,4217.22,1396.06,2393.02,3184.3,5757.06,1567.4,2619.01,3752.07,7075.35,1771.71,2890.92,4204.82,9023.64,2156.52,3647.43,5084.75,13562.87,2397.3,5502.14,8453.53,22846.62,3336.38,6739.35,11763.13,32424.98,4656.48,10486.83,15898.95,43221.28,3672.59,10555.51,18367.62,51790.16,4420.91,8652.03,18393.02
归属于少数股东的综合收益总额,0.0,-0.21,-0.03,0.0,0.0,0.0,0.0,0.0,0.0,0.0,0.0,0.0,0.0,0.0,0.0,0.0,-7.73,-14.36,-31.84,-27.62,-49.64,-79.52,-77.54,-24.11,-4.57,-9.67,-53.76,-10.7,-39.47,-59.79,595.27,-125.6,113.06,334.4,858.36,-58.91,187.44,484.93,1220.57,-258.61,-312.15,-409.22
