报表日期,2007-12-31,2008-12-31,2009-09-30,2009-12-31,2010-03-31,2010-06-30,2010-09-30,2010-12-31,2011-03-31,2011-06-30,2011-09-30,2011-12-31,2012-03-31,2012-06-30,2012-09-30,2012-12-31,2013-03-31,2013-06-30,2013-09-30,2013-12-31,2014-03-31,2014-06-30,2014-09-30,2014-12-31,2015-03-31,2015-06-30,2015-09-30,2015-12-31,2016-03-31,2016-06-30,2016-09-30,2016-12-31,2017-03-31,2017-06-30,2017-09-30,2017-12-31,2018-03-31,2018-06-30,2018-09-30,2018-12-31,2019-03-31,2019-06-30,2019-09-30,2019-12-31,2020-03-31,2020-06-30
一、营业总收入,446.41,3535.54,5625.81,8372.07,2550.8,6006.24,9074.68,14080.24,3341.01,7227.53,11278.73,17269.09,4145.91,11343.5,19148.91,27380.31,5912.55,14242.98,23390.87,34692.97,10141.48,22407.94,39560.21,64902.98,16883.14,40049.04,67185.54,102214.73,30669.37,68596.26,119972.66,170173.41,34598.16,68626.93,119223.21,181580.93,57523.86,100435.25,153380.6,198486.26,39415.11,72755.76,121881.01,157233.28,22987.46,43663.72
营业收入,446.41,3535.54,5625.81,8372.07,2550.8,6006.24,9074.68,14080.24,3341.01,7227.53,11278.73,17269.09,4145.91,11343.5,19148.91,27380.31,5912.55,14242.98,23390.87,34692.97,10141.48,22407.94,39560.21,64902.98,16883.14,40049.04,67185.54,102214.73,30669.37,68596.26,119972.66,170173.41,34598.16,68626.93,119223.21,181580.93,57523.86,100435.25,153380.6,198486.26,39415.11,72755.76,121881.01,157233.28,22987.46,43663.72
二、营业总成本,215.22,1557.84,3046.1,5012.35,1987.19,4116.72,6451.79,9715.13,2449.51,5076.69,6854.3,10691.78,2565.41,7612.35,12209.53,17388.44,4553.0,9474.57,15289.9,24311.63,9079.62,18549.38,29192.53,51370.63,13206.01,29017.64,47366.92,70779.68,19732.63,38713.33,69177.76,106163.79,18937.0,41037.75,71777.22,117029.63,36354.57,66955.66,96752.04,155631.82,23715.65,45808.89,77788.83,121278.04,18163.78,36650.71
营业成本,28.92,249.81,438.08,635.01,180.05,389.88,576.72,863.73,248.2,632.9,983.15,1401.29,390.87,1300.6,2287.18,3122.32,1009.21,2025.83,2998.5,6963.71,2757.77,4985.77,8419.89,14269.89,4100.19,8330.72,13723.86,21822.51,5370.37,11991.61,24086.48,42176.64,6734.96,15745.93,28980.48,54444.27,20454.68,37153.09,52112.09,71112.18,11398.42,22354.88,38231.55,54321.34,6732.06,13644.55
营业税金及附加,15.59,215.54,348.32,535.36,0.0,398.42,621.61,938.38,0.0,470.3,762.86,1156.26,275.13,745.39,1269.5,1748.8,171.11,486.5,780.24,972.3,300.29,563.8,904.16,1394.68,244.95,650.33,1055.99,1616.82,415.74,922.07,1549.92,2161.38,515.42,714.53,1248.66,1831.73,574.38,1049.54,1400.29,1801.45,307.62,555.39,745.34,946.25,162.81,301.26
销售费用,54.69,559.72,1155.29,1814.53,883.3,1592.06,2529.03,3686.48,890.16,1520.56,2433.16,3797.88,664.06,2257.6,3889.64,5379.78,1420.02,2963.63,5481.02,5698.55,2729.27,5689.3,9053.2,14428.81,4154.57,10650.94,17495.23,20420.99,6703.79,12768.7,22535.22,25071.99,5417.19,11096.59,19178.17,26157.46,7788.03,14503.76,19663.87,24944.09,3811.65,6932.71,13622.86,18356.31,2807.09,6960.86
管理费用,111.03,561.41,1057.13,2001.92,714.83,1738.32,2733.0,4280.7,1178.05,2511.39,3845.84,5892.53,1370.01,3790.54,5760.65,8789.64,2126.75,4416.43,6985.23,11871.86,3860.76,7877.42,12030.82,20636.99,5053.42,10014.3,15790.62,26539.54,7531.78,13226.07,21221.04,36233.37,6801.43,14501.94,23588.38,36053.17,8271.43,16011.18,14588.09,22056.31,4865.04,9951.91,15215.92,25705.29,4770.45,9535.4
财务费用,-0.16,-53.51,-6.01,-8.27,-2.64,-6.92,-98.49,-212.82,-149.71,-189.86,-1296.03,-2092.52,-133.0,-710.55,-1268.95,-2064.15,-174.83,-535.41,-1125.91,-1814.7,-313.25,-566.15,-1216.12,-1118.69,-305.08,-630.08,-868.84,-717.43,-349.46,-732.03,-928.21,-1312.8,-641.34,-1143.07,-1592.95,-1963.14,-741.61,-1770.68,-2416.2,-3053.72,-1148.42,-2195.65,-2916.21,-1675.09,-860.87,-1964.29
资产减值损失,5.14,24.86,53.29,33.8,29.71,4.96,89.93,158.66,61.31,131.4,125.33,536.35,-1.66,228.77,271.51,412.05,0.73,117.59,170.82,619.91,-255.22,-0.75,0.58,1758.95,-42.05,1.43,170.06,1097.25,60.41,536.92,713.31,1833.2,109.33,121.83,374.48,506.14,7.65,8.78,-116.89,15851.08,314.19,0.0,0.0,0.0,0.0,0.0
公允价值变动收益,0.0,0.0,0.0,0.0,0.0,0.0,0.0,0.0,0.0,0.0,0.0,0.0,0.0,0.0,0.0,0.0,0.0,0.0,0.0,0.0,0.0,0.0,0.0,0.0,0.0,0.0,0.0,0.0,0.0,0.0,0.0,0.0,0.0,0.0,0.0,0.0,0.0,0.0,0.0,0.0,0.0,0.0,0.0,47.77,72.5,138.74
投资收益,0.0,0.0,0.0,8.66,0.0,0.0,0.0,0.0,0.0,0.0,0.0,0.0,0.0,2.33,0.57,-5.25,-4.48,-7.38,-7.26,42.19,-1.03,-3.99,21.53,726.03,456.21,664.06,909.63,1248.59,848.08,705.43,1159.03,4254.53,1553.28,1567.31,1592.65,1709.52,27.59,2293.87,2409.81,3388.71,-92.04,1088.14,1274.16,2850.85,-327.94,-172.04
其中:对联营企业和合营企业的投资收益,0.0,0.0,0.0,0.0,0.0,0.0,0.0,0.0,0.0,0.0,0.0,0.0,0.0,0.0,0.0,-5.25,-4.48,-7.38,-7.26,-10.03,-1.03,-3.99,-5.37,113.42,413.91,595.79,841.36,734.12,848.08,705.43,1159.03,981.36,-67.66,170.32,195.67,0.0,-12.82,6.95,-6.97,99.85,-94.95,-207.33,-526.14,-365.25,-356.56,-200.65
汇兑收益,0.0,0.0,0.0,0.0,0.0,0.0,0.0,0.0,0.0,0.0,0.0,0.0,0.0,0.0,0.0,0.0,0.0,0.0,0.0,0.0,0.0,0.0,0.0,0.0,0.0,0.0,0.0,0.0,0.0,0.0,0.0,0.0,0.0,0.0,0.0,0.0,0.0,0.0,0.0,0.0,0.0,0.0,0.0,0.0,0.0,0.0
三、营业利润,231.19,1977.7,2579.71,3368.38,563.6,1889.52,2622.88,4365.11,891.5,2150.84,4424.43,6577.31,1580.5,3733.48,6939.95,9986.62,1355.07,4761.03,8093.71,10423.54,1060.83,3854.56,10389.2,14258.39,4133.34,11695.46,20728.24,32683.64,11784.82,30588.36,51953.94,68264.15,17214.44,29235.47,49190.57,67486.44,21387.11,35990.9,59365.7,46938.52,15636.51,28184.08,45603.59,15615.82,5122.73,8315.75
加:营业外收入,0.0,101.8,102.66,184.76,38.92,468.14,611.32,744.39,377.91,432.91,433.01,673.63,0.0,200.5,452.71,616.13,309.09,309.09,523.4,915.26,178.64,255.69,273.54,2256.41,62.48,210.81,747.42,1019.25,281.42,1765.89,2299.15,2581.69,111.09,272.58,1024.91,1109.74,130.92,815.53,891.79,1276.43,491.6,1132.98,1194.46,2270.1,609.86,1180.65
减：营业外支出,0.45,3.77,5.64,21.39,4.77,9.07,12.09,17.07,2.87,7.26,11.4,22.87,5.1,11.82,18.66,29.05,5.41,14.85,31.28,70.51,8.63,24.92,37.52,519.25,61.51,128.01,205.44,679.67,134.14,110.98,237.97,419.18,21.08,27.01,91.23,139.68,26.83,114.58,128.64,176.04,26.24,204.1,222.28,250.77,1147.38,1202.57
其中：非流动资产处置损失,0.0,0.0,0.0,0.0,0.0,0.0,0.0,0.0,0.0,0.0,0.0,0.0,0.0,1.54,0.0,2.14,0.0,0.0,7.5,22.85,1.15,5.33,4.91,13.17,0.06,0.06,3.26,386.83,10.29,11.32,108.36,166.53,4.18,8.59,8.59,43.02,0.0,0.0,0.0,0.0,0.0,0.0,0.0,0.0,0.0,0.0
四、利润总额,230.74,2075.73,2676.74,3531.76,597.76,2348.59,3222.11,5092.43,1266.53,2576.48,4846.04,7228.08,1575.4,3922.16,7374.0,10573.7,1658.75,5055.27,8585.84,11268.28,1230.84,4085.33,10625.22,15995.55,4134.31,11778.25,21270.23,33023.23,11932.1,32243.27,54015.11,70426.66,17304.46,29481.03,50124.25,68456.51,21491.2,36691.85,60128.86,48038.92,16101.87,29112.96,46575.78,17635.15,4585.2,8293.84
减：所得税费用,-1.06,263.1,291.32,396.45,56.32,245.15,265.3,550.8,142.69,296.84,594.71,859.07,221.21,447.57,872.73,1359.62,224.88,593.63,944.03,1018.32,70.03,332.9,981.98,-41.6,320.55,997.38,1531.6,1953.38,1521.16,4417.63,7217.96,9208.76,2507.38,3919.03,4743.47,7017.68,3119.55,3445.84,6168.17,4964.45,1741.71,3082.97,6375.13,4049.29,896.79,1305.37
五、净利润,231.81,1812.63,2385.42,3135.31,541.44,2103.44,2956.8,4541.62,1123.84,2279.64,4251.32,6369.01,1354.19,3474.58,6501.27,9214.08,1433.87,4461.64,7641.81,10249.96,1160.8,3752.43,9643.24,16037.15,3813.76,10780.87,19738.63,31069.84,10410.94,27825.64,46797.15,61217.9,14797.08,25562.01,45380.78,61438.83,18371.66,33246.01,53960.68,43074.47,14360.16,26029.99,40200.65,13585.86,3688.41,6988.46
归属于母公司所有者的净利润,231.81,1812.63,2385.42,3135.31,541.44,2103.44,2956.8,4541.62,1123.84,2279.64,4251.32,6369.01,1354.19,3474.58,6501.27,9214.08,1433.87,4461.64,7641.81,10249.96,1160.8,3752.43,9584.24,15683.55,3514.61,10154.43,18216.05,28559.97,9260.39,25081.59,39598.11,52100.91,13177.57,22615.85,37090.01,51233.78,15997.61,29201.57,43832.62,32164.51,11763.99,21586.37,34879.47,8524.89,2471.32,5155.64
少数股东损益,0.0,0.0,0.0,0.0,0.0,0.0,0.0,0.0,0.0,0.0,0.0,0.0,0.0,0.0,0.0,0.0,0.0,0.0,0.0,0.0,0.0,0.0,59.0,353.6,299.15,626.44,1522.57,2509.88,1150.55,2744.05,7199.04,9116.99,1619.5,2946.15,8290.76,10205.06,2374.05,4044.44,10128.06,10909.96,2596.17,4443.63,5321.19,5060.98,1217.09,1832.82
基本每股收益(元/股),0.7,1.27,0.54,0.71,0.12,0.47,0.63,0.91,0.19,0.17,0.32,0.48,0.1,0.26,0.49,0.7,0.11,0.34,0.58,0.78,0.09,0.13,0.33,0.54,0.121,0.35,0.62,0.98,0.31,0.37,0.58,0.76,0.19,0.33,0.54,0.74,0.23,0.42,0.63,0.46,0.17,0.31,0.51,0.13,0.04,0.08
稀释每股收益(元/股),0.7,1.27,0.54,0.71,0.12,0.47,0.63,0.91,0.19,0.17,0.32,0.48,0.1,0.26,0.49,0.7,0.11,0.34,0.58,0.78,0.09,0.13,0.33,0.54,0.121,0.35,0.62,0.97,0.31,0.37,0.58,0.76,0.19,0.33,0.54,0.74,0.23,0.42,0.63,0.46,0.17,0.31,0.51,0.13,0.04,0.08
七、其他综合收益,0.0,0.0,0.0,0.0,0.0,0.0,0.0,0.0,0.0,0.0,0.0,0.0,0.0,0.0,0.0,0.0,0.0,0.0,0.0,0.0,0.0,0.0,0.0,0.0,0.0,0.0,0.0,9758.98,-2456.84,-2456.84,-334.41,-1598.72,-106.89,10807.42,13177.02,3390.85,6920.26,-9557.91,-13977.66,-16987.19,6391.27,2936.34,5169.8,5012.96,-5329.43,-4495.45
八、综合收益总额,231.81,1812.63,2385.42,3135.31,541.44,2103.44,2956.8,4541.62,1123.84,2279.64,4251.32,6369.01,1354.19,3474.58,6501.27,9214.08,1433.87,4461.64,7641.81,10249.96,1160.8,3752.43,9643.24,16037.15,3813.76,10780.87,19738.63,40828.82,7954.09,25368.79,46462.73,59619.18,14690.19,36369.42,58557.8,64829.68,25291.92,23688.1,39983.03,26087.28,20751.43,28966.34,45370.46,18598.82,-1641.02,2493.02
归属于母公司所有者的综合收益总额,231.81,1812.63,2385.42,3135.31,541.44,2103.44,2956.8,4541.62,1123.84,2279.64,4251.32,6369.01,1354.19,3474.58,6501.27,9214.08,1433.87,4461.64,7641.81,10249.96,1160.8,3752.43,9584.24,15683.55,3514.61,10154.43,18216.05,38318.94,6803.55,22624.74,39263.69,50502.19,13070.69,33423.27,50267.04,54624.63,22917.87,19643.66,29854.97,15177.32,18155.26,24522.71,40049.27,13537.84,-2858.11,660.2
归属于少数股东的综合收益总额,0.0,0.0,0.0,0.0,0.0,0.0,0.0,0.0,0.0,0.0,0.0,0.0,0.0,0.0,0.0,0.0,0.0,0.0,0.0,0.0,0.0,0.0,59.0,353.6,299.15,626.44,1522.57,2509.88,1150.55,2744.05,7199.04,9116.99,1619.5,2946.15,8290.76,10205.06,2374.05,4044.44,10128.06,10909.96,2596.17,4443.63,5321.19,5060.98,1217.09,1832.82
