报表日期,2008-12-31,2009-12-31,2010-12-31,2011-03-31,2011-06-30,2011-09-30,2011-12-31,2012-03-31,2012-06-30,2012-09-30,2012-12-31,2013-03-31,2013-06-30,2013-09-30,2013-12-31,2014-03-31,2014-06-30,2014-09-30,2014-12-31,2015-03-31,2015-06-30,2015-09-30,2015-12-31,2016-03-31,2016-06-30,2016-09-30,2016-12-31,2017-03-31,2017-06-30,2017-09-30,2017-12-31,2018-03-31,2018-06-30,2018-09-30,2018-12-31,2019-03-31,2019-06-30,2019-09-30,2019-12-31,2020-03-31,2020-06-30,2020-09-30,2020-12-31,2021-03-31
一、营业总收入,3530.43,6953.12,16023.13,5203.99,9765.74,15413.18,20947.4,8760.89,16363.58,25242.86,33912.08,10286.88,21137.28,34204.47,44905.34,10399.34,25000.64,39894.88,54492.32,12875.75,31585.71,48840.26,64550.07,18108.34,34427.15,56457.08,79584.13,23395.42,49307.73,76264.05,103300.77,31340.47,76133.75,115820.29,155051.34,36989.83,81450.68,125820.75,177820.93,42301.12,97231.39,152921.88,201521.41,50276.77
营业收入,3530.43,6953.12,16023.13,5203.99,9765.74,15413.18,20947.4,8760.89,16363.58,25242.86,33912.08,10286.88,21137.28,34204.47,44905.34,10399.34,25000.64,39894.88,54492.32,12875.75,31585.71,48840.26,64550.07,18108.34,34427.15,56457.08,79584.13,23395.42,49307.73,76264.05,103300.77,31340.47,76133.75,115820.29,155051.34,36989.83,81450.68,125820.75,177820.93,42301.12,97231.39,152921.88,201521.41,50276.77
二、营业总成本,3078.73,4598.81,10173.69,2842.79,4929.53,7884.37,11015.11,4975.76,9318.87,15064.62,20635.43,6128.57,13548.75,21953.39,29037.94,7519.4,16573.53,25998.75,35690.09,9413.54,23565.88,37315.75,51881.47,14652.66,29003.01,44658.05,63786.35,16223.55,35884.32,55151.16,77818.32,27282.01,61890.44,95953.93,130301.09,28589.76,62931.13,97957.95,142835.72,31213.78,73155.25,117697.59,165916.42,43434.24
营业成本,1917.83,2279.31,5758.9,1679.33,3115.84,4862.83,6267.24,2825.33,5108.37,7671.96,10064.4,3179.03,7061.41,11610.26,14731.37,3641.37,8627.7,12885.13,16945.4,4201.22,11028.07,16847.59,22098.93,7525.31,13549.15,20797.97,28589.54,7643.29,16876.24,25691.44,33579.12,11602.5,27087.53,42409.21,56098.06,12404.0,27878.93,42922.61,61991.29,14067.29,33340.06,52845.42,70021.91,17106.2
营业税金及附加,32.05,94.2,181.01,38.95,108.21,180.09,228.11,82.13,159.89,251.24,397.73,112.66,212.32,322.48,501.53,112.02,266.27,424.21,734.48,189.31,377.17,548.13,850.01,256.97,436.2,741.95,1346.92,323.1,660.11,1043.8,1541.32,447.76,923.2,1437.72,2216.18,400.35,968.54,1462.81,2011.19,453.17,1108.2,1863.2,2400.88,566.24
销售费用,644.33,1366.08,3141.36,856.42,1364.38,2093.32,3454.19,1732.19,3434.36,5699.99,8933.4,2163.95,5184.54,7938.75,11025.15,2558.61,5764.3,9424.75,13137.84,3669.12,8611.96,14417.93,21970.47,4384.61,9883.56,16093.25,24690.9,5876.57,12545.19,19505.75,29028.67,8709.54,20682.2,32443.2,45177.51,9523.6,21256.84,34132.09,48890.3,10832.2,24345.65,39330.79,58435.25,17356.7
管理费用,443.24,869.9,1200.35,338.48,491.24,979.53,1415.58,541.9,964.58,1918.25,2801.87,803.07,1521.72,2687.68,3967.79,1319.67,2494.55,3993.99,6072.91,1491.38,3810.32,6166.57,8258.57,2289.17,5348.75,7142.46,9463.39,2281.96,5678.03,8632.79,12988.81,6025.58,12348.22,8737.91,12077.62,2728.55,6017.59,9063.82,13882.8,2585.67,6175.82,9518.17,15060.86,3495.66
财务费用,-2.11,-2.21,-120.68,-70.38,-173.72,-254.98,-341.4,-244.38,-453.44,-619.57,-1596.0,-275.12,-614.83,-967.4,-1289.96,-286.78,-890.1,-1166.48,-1544.15,-316.91,-557.06,-964.14,-1437.68,-22.27,-320.44,-370.33,-827.41,-81.35,121.51,144.27,117.23,220.26,-44.24,-175.21,22.62,258.26,-22.97,-281.12,-73.38,-84.26,153.9,953.73,1748.54,761.7
研发费用,0.0,0.0,0.0,0.0,0.0,0.0,0.0,0.0,0.0,0.0,0.0,0.0,0.0,0.0,0.0,0.0,0.0,0.0,0.0,0.0,0.0,0.0,0.0,0.0,0.0,0.0,0.0,0.0,0.0,0.0,0.0,0.0,0.0,9818.12,12881.93,3134.19,6832.2,10657.74,16133.51,3359.73,8031.61,13186.29,18248.98,4147.74
资产减值损失,43.39,-8.48,12.75,0.0,23.58,23.58,-8.61,38.58,105.12,142.74,34.03,144.98,183.6,361.63,102.06,174.52,310.81,437.15,343.61,179.41,295.42,299.68,141.17,218.87,105.8,252.76,523.01,179.98,3.24,133.12,563.17,276.38,893.52,1282.99,1827.17,140.82,0.0,0.0,0.0,0.0,0.0,0.0,0.0,0.0
公允价值变动收益,-2.07,1.54,0.0,0.0,0.0,0.0,0.0,0.0,0.0,0.0,0.0,0.0,0.0,0.0,0.0,0.0,0.0,0.0,0.0,0.0,0.0,0.0,0.0,0.0,0.0,0.0,0.0,0.0,0.0,0.0,0.0,0.0,0.0,0.0,0.0,0.0,0.0,0.0,0.0,0.0,0.0,0.0,0.0,0.0
投资收益,13.43,6.24,2.28,0.0,0.0,0.0,0.0,0.0,0.0,0.0,687.25,339.72,414.73,685.16,1062.38,388.38,734.7,935.05,1000.93,380.08,738.28,1084.68,1134.09,-809.62,-1848.65,-3196.81,-8482.57,-1731.75,-2215.89,-133.34,575.15,2146.24,1586.04,1338.84,2691.76,-2765.94,-4848.93,-6055.81,-6202.74,-2393.85,-3764.06,-4721.33,-6337.01,-1429.08
其中:对联营企业和合营企业的投资收益,0.0,0.0,0.0,0.0,0.0,0.0,0.0,0.0,0.0,0.0,0.0,0.0,0.0,0.0,0.0,0.0,0.0,0.0,0.0,0.0,0.0,0.0,0.0,0.0,0.0,0.0,-9032.55,0.0,0.0,0.0,0.0,0.0,0.0,0.0,-10657.44,-2864.44,-5004.55,-6242.0,-6443.41,-2444.03,-3925.68,-4952.03,-6706.14,-1429.08
汇兑收益,0.0,0.0,0.0,0.0,0.0,0.0,0.0,0.0,0.0,0.0,0.0,0.0,0.0,0.0,0.0,0.0,0.0,0.0,0.0,0.0,0.0,0.0,0.0,0.0,0.0,0.0,0.0,0.0,0.0,0.0,0.0,0.0,0.0,0.0,0.0,0.0,0.0,0.0,0.0,0.0,0.0,0.0,0.0,0.0
三、营业利润,463.06,2362.08,5851.71,2361.2,4836.21,7528.81,9932.29,3785.14,7044.7,10178.24,13963.9,4498.03,8003.25,12936.24,16929.77,3268.31,9161.81,14831.17,19803.15,3842.29,8758.11,12609.19,13802.69,2646.05,3575.48,8602.22,7315.21,5440.12,11207.52,24731.05,29742.57,9194.83,18819.54,26750.02,34486.78,5634.12,14782.52,23799.72,27418.48,7709.4,19559.76,30578.23,23620.98,4998.48
加:营业外收入,315.83,515.54,470.07,38.0,69.52,49.02,362.2,82.02,108.75,892.51,1052.32,167.89,245.23,1265.79,2168.49,275.62,404.17,2147.72,3227.94,87.67,225.77,1855.8,2511.42,2201.77,2625.37,4679.04,6399.11,69.03,494.91,591.44,968.85,121.25,795.31,1115.89,1230.84,312.15,748.64,1613.07,2821.0,70.34,495.95,892.88,1338.04,800.75
减：营业外支出,24.11,1.62,3.0,0.13,0.13,1.43,2.96,0.0,82.68,97.15,49.35,0.32,0.99,5.46,18.84,3.0,3.5,3.5,11.35,21.34,21.34,28.06,145.81,0.49,38.26,75.51,82.28,10.54,19.51,36.02,198.09,0.46,0.73,14.25,296.3,2.27,28.62,70.78,93.7,87.43,123.44,159.15,181.48,10.26
其中：非流动资产处置损失,0.0,0.0,0.0,0.0,0.0,0.0,0.0,0.0,0.0,0.0,31.26,0.0,0.0,0.0,0.0,0.0,0.0,0.0,0.0,0.0,0.0,0.0,0.0,0.0,0.0,0.0,37.9,0.0,0.0,0.0,0.0,0.0,0.0,0.0,0.0,0.0,0.0,0.0,0.0,0.0,0.0,0.0,0.0,0.0
四、利润总额,754.77,2876.0,6318.78,2399.07,4905.6,7576.4,10291.53,3867.16,7070.77,10973.6,14966.87,4665.6,8247.49,14196.57,19079.42,3540.93,9562.48,16975.39,23019.73,3908.62,8962.54,14436.93,16168.31,4847.33,6162.59,13205.75,13632.05,5498.61,11682.92,25286.47,30513.33,9315.61,19614.11,27851.66,35421.32,5944.0,15502.54,25342.0,30145.78,7692.31,19932.27,31311.95,24777.54,5788.98
减：所得税费用,38.0,268.6,832.91,359.86,1175.0,1090.96,1475.4,580.07,1069.27,1654.69,2084.26,677.24,1254.34,2135.71,2548.79,425.08,1463.71,2306.97,3285.81,620.03,1488.76,1986.79,1856.95,482.03,962.93,1361.15,2182.47,1008.69,2328.34,4303.34,4718.77,986.68,2803.82,4053.58,4376.49,1042.71,2548.0,4023.31,5077.44,1338.78,4086.76,6365.13,6088.51,1333.24
五、净利润,716.77,2607.4,5485.88,2039.21,3730.6,6485.44,8816.14,3287.09,6001.5,9318.91,12882.61,3988.36,6993.15,12060.86,16530.63,3115.85,8098.77,14668.42,19733.92,3288.6,7473.78,12450.14,14311.36,4365.3,5199.66,11844.59,11449.58,4489.92,9354.58,20983.13,25794.56,8328.94,16810.29,23798.07,31044.84,4901.29,12954.54,21318.69,25068.34,6353.53,15845.5,24946.82,18689.03,4455.74
归属于母公司所有者的净利润,716.77,2607.4,5485.88,2039.21,3730.6,6485.44,8816.14,3287.09,6001.5,9318.91,12882.61,3988.36,6993.15,12060.86,16530.63,3115.85,8098.77,14668.42,19733.92,3302.7,7504.71,12500.14,14366.3,4388.28,5236.36,11900.1,11519.83,4492.55,9357.21,20985.76,25797.19,8328.94,16810.29,23798.07,31044.84,4901.29,12954.54,21318.69,25068.34,6353.53,15845.5,24946.82,18689.03,4496.1
少数股东损益,0.0,0.0,0.0,0.0,0.0,0.0,0.0,0.0,0.0,0.0,0.0,0.0,0.0,0.0,0.0,0.0,0.0,0.0,0.0,-14.1,-30.93,-50.0,-54.94,-22.97,-36.7,-55.51,-70.25,-2.63,-2.63,-2.63,-2.63,0.0,0.0,0.0,0.0,0.0,0.0,0.0,0.0,0.0,0.0,0.0,0.0,-40.36
基本每股收益(元/股),1.43,0.43,0.91,0.31,0.57,0.98,1.34,0.37,0.7794,1.16,1.56,0.4532,0.6812,1.0726,1.25,0.2343,0.406,0.7354,0.99,0.1648,0.2884,0.4795,0.5509,0.1293,0.1747,0.3807,0.3611,0.1328,0.2678,0.5696,0.6346,0.1891,0.3073,0.4939,0.5567,0.0867,0.2292,0.3773,0.4445,0.1124,0.2804,0.4415,0.3341,0.0791
稀释每股收益(元/股),1.43,0.43,0.91,0.31,0.57,0.98,1.34,0.37,0.7794,1.16,1.56,0.4532,0.6812,1.0726,1.25,0.2343,0.406,0.7354,0.98,0.1643,0.2884,0.4795,0.5503,0.1293,0.1747,0.3807,0.3611,0.1328,0.2678,0.5696,0.6346,0.1891,0.3073,0.4939,0.5567,0.0867,0.2292,0.3773,0.4445,0.1124,0.2804,0.4415,0.3341,0.0791
七、其他综合收益,0.0,0.0,0.0,0.0,0.0,0.0,0.0,0.0,0.0,0.0,0.0,0.0,0.0,0.0,0.0,0.0,0.0,0.0,0.0,0.0,0.0,0.0,0.0,0.0,0.0,0.0,2958.56,-128.97,-1095.68,-2167.49,-1635.35,-640.83,1742.01,3894.62,3919.67,-2046.39,-2.69,2897.07,645.91,248.93,403.41,-2883.82,-5845.95,1163.42
八、综合收益总额,716.77,2607.4,5485.88,2039.21,3730.6,6485.44,8816.14,3287.09,0.0,9318.91,12882.61,3988.36,6993.15,12060.86,16530.63,3115.85,8098.77,14668.42,19733.92,3288.6,7473.78,12450.14,14311.36,4365.3,5199.66,11844.59,14408.14,4360.95,8258.9,18815.63,24159.21,7688.11,18552.29,27692.7,34964.5,2854.89,12951.85,24215.76,25714.25,6602.45,16248.92,22063.0,12843.09,5619.16
归属于母公司所有者的综合收益总额,0.0,0.0,0.0,2039.21,0.0,6485.44,0.0,3287.09,0.0,9318.91,12882.61,3988.36,6993.15,12060.86,16530.63,3115.85,8098.77,14668.42,19733.92,3302.7,7504.71,12500.14,14366.3,4388.28,5236.36,11900.1,14478.39,4363.58,8261.53,18818.27,24161.84,7688.11,18552.29,27692.7,34964.5,2854.89,12951.85,24215.76,25714.25,6602.45,16248.92,22063.0,12843.09,5659.52
归属于少数股东的综合收益总额,0.0,0.0,0.0,0.0,0.0,0.0,0.0,0.0,0.0,0.0,0.0,0.0,0.0,0.0,0.0,0.0,0.0,0.0,0.0,-14.1,-30.93,-50.0,-54.94,-22.97,-36.7,-55.51,-70.25,-2.63,-2.63,-2.63,-2.63,0.0,0.0,0.0,0.0,0.0,0.0,0.0,0.0,0.0,0.0,0.0,0.0,-40.36
