报表日期,2007-12-31,2008-12-31,2009-12-31,2010-06-30,2010-09-30,2010-12-31,2011-03-31,2011-06-30,2011-09-30,2011-12-31,2012-03-31,2012-06-30,2012-09-30,2012-12-31,2013-03-31,2013-06-30,2013-09-30,2013-12-31,2014-03-31,2014-06-30,2014-09-30,2014-12-31,2015-03-31,2015-06-30,2015-09-30,2015-12-31,2016-03-31,2016-06-30,2016-09-30,2016-12-31,2017-03-31,2017-06-30,2017-09-30,2017-12-31,2018-03-31,2018-06-30,2018-09-30,2018-12-31,2019-03-31,2019-06-30,2019-09-30,2019-12-31,2020-03-31,2020-06-30
一、营业总收入,5249.51,10740.62,11340.78,4426.06,7250.66,12022.96,3054.69,7188.22,11291.01,16991.9,3677.99,9246.73,16840.27,26577.12,4298.1,12368.73,22750.3,34882.79,5180.96,14854.17,28090.95,49141.16,9654.52,26414.8,43679.64,75315.77,13440.85,36341.93,58433.33,95447.33,16729.05,42029.06,68930.23,120375.63,20564.34,54685.38,92497.87,143876.13,24696.84,66954.16,119783.29,190800.79,27797.33,79330.89
营业收入,5249.51,10740.62,11340.78,4426.06,7250.66,12022.96,3054.69,7188.22,11291.01,16991.9,3677.99,9246.73,16840.27,26577.12,4298.1,12368.73,22750.3,34882.79,5180.96,14854.17,28090.95,49141.16,9654.52,26414.8,43679.64,75315.77,13440.85,36341.93,58433.33,95447.33,16729.05,42029.06,68930.23,120375.63,20564.34,54685.38,92497.87,143876.13,24696.84,66954.16,119783.29,190800.79,27797.33,79330.89
二、营业总成本,4049.36,9346.55,9629.21,3397.82,5539.75,9154.69,2351.64,5178.83,8392.43,13656.52,3359.4,7915.1,14213.34,22977.29,4360.22,11102.05,19372.12,29818.58,4752.23,12330.02,23369.39,40164.65,8754.1,22689.96,38751.83,65120.78,12480.4,30327.51,50008.12,81547.56,16994.43,36292.44,60362.4,102452.3,20069.77,48818.24,81854.18,124053.85,23472.26,58756.59,99868.52,153966.02,29011.44,71908.58
营业成本,3123.11,6976.4,6155.74,1798.2,2883.15,5032.68,1182.38,2806.96,4537.37,6789.02,2278.96,4231.82,7477.1,12082.33,2090.06,5852.23,10234.1,16014.74,2255.33,5675.12,12185.69,22277.82,4539.5,11985.56,19677.8,34549.25,6302.67,15769.58,26516.81,43550.35,9590.01,20167.61,33786.7,57461.25,11190.88,27380.29,46452.39,69061.12,13153.15,32523.39,58923.19,92685.6,15494.93,40480.39
营业税金及附加,31.67,68.01,168.38,57.23,97.9,242.69,67.33,171.74,253.78,358.56,50.79,142.77,251.1,378.05,45.93,133.04,303.38,497.85,67.76,238.67,452.15,716.04,130.01,353.57,662.44,946.63,180.62,533.57,781.99,1288.21,154.57,529.25,821.01,1618.36,249.8,639.32,970.79,1619.57,231.16,857.93,1397.52,2206.9,264.53,909.06
销售费用,383.34,851.08,1696.42,558.36,956.17,1849.01,448.63,992.74,1613.21,3244.91,610.33,1948.09,3635.23,6026.48,1013.06,2599.04,4304.44,6809.57,1030.95,3158.33,5049.72,7978.44,1700.53,4328.73,7177.33,10909.74,2662.32,5732.48,9313.7,13517.81,2913.75,6613.92,10211.28,15582.73,3865.61,7811.61,12657.94,20084.48,4222.01,10023.59,15778.6,24174.08,4712.05,12857.81
管理费用,412.26,1407.74,1582.59,889.06,1554.41,2064.35,663.44,1129.77,1793.59,3309.68,857.79,1910.86,3135.62,4856.41,1346.94,2658.15,4244.3,6133.17,1385.49,3121.95,5272.93,8358.45,2836.36,6237.26,10816.08,15987.92,4390.59,8259.83,12802.03,18118.98,5418.72,9592.31,15110.51,22588.95,5467.79,11197.22,8347.63,11807.98,3050.88,6451.9,9596.27,14015.48,3532.28,7094.36
财务费用,-0.28,-5.04,-22.82,-9.11,-15.39,-45.34,-15.66,-31.69,-75.77,-391.31,-365.07,-486.81,-676.65,-861.81,-196.28,-364.14,-514.57,-705.88,-213.15,-574.87,-709.65,-829.69,-140.48,-198.72,-170.64,-7.49,194.54,419.83,465.1,623.51,47.89,110.78,162.91,393.62,116.62,304.28,561.97,801.66,41.39,13.72,214.23,320.65,106.5,191.36
研发费用,0.0,0.0,0.0,0.0,0.0,0.0,0.0,0.0,0.0,0.0,0.0,0.0,0.0,0.0,0.0,0.0,0.0,0.0,0.0,0.0,0.0,0.0,0.0,0.0,0.0,0.0,0.0,0.0,0.0,0.0,0.0,0.0,0.0,0.0,0.0,0.0,9630.09,14720.82,3895.26,8886.07,13958.72,20563.31,4901.16,10375.62
资产减值损失,99.26,48.36,48.9,104.08,63.51,11.3,5.52,109.3,270.25,345.67,-73.4,168.36,390.93,495.83,60.51,223.73,800.46,1069.12,225.85,710.82,1118.57,1663.6,-311.82,-16.43,588.83,2734.72,-1250.34,-387.79,128.49,4448.7,-1130.51,-721.43,269.98,4807.39,-820.93,1485.51,3233.36,5958.23,-1121.58,0.0,0.0,0.0,0.0,0.0
公允价值变动收益,0.0,0.0,0.0,0.0,0.0,0.0,0.0,0.0,0.0,0.0,0.0,0.0,0.0,0.0,0.0,0.0,0.0,0.0,0.0,0.0,0.0,0.0,0.0,0.0,0.0,0.0,0.0,0.0,0.0,0.0,0.0,0.0,0.0,0.0,0.0,0.0,0.0,0.0,0.0,0.0,0.0,1290.11,9.62,21.28
投资收益,0.0,0.0,0.0,0.0,0.0,0.0,0.0,0.0,0.0,3.84,0.0,0.0,0.0,0.0,0.0,0.0,0.0,0.0,0.0,0.0,0.0,0.0,0.0,0.0,-33.99,-24.51,10.01,40335.49,39643.34,37871.12,-335.75,-1171.63,-1790.26,-1870.49,-176.86,-729.61,-1625.08,-808.73,-740.49,-187.05,-1220.89,-2005.95,-329.01,-1299.24
其中:对联营企业和合营企业的投资收益,0.0,0.0,0.0,0.0,0.0,0.0,0.0,0.0,0.0,0.0,0.0,0.0,0.0,0.0,0.0,0.0,0.0,0.0,0.0,0.0,0.0,0.0,0.0,0.0,0.0,-24.51,10.01,-535.01,-1227.16,-1792.39,-335.75,-1126.15,-1775.02,-1862.44,-519.51,-1072.25,-1967.72,-1151.37,-742.24,-1621.21,-2558.54,-3343.6,-669.61,-1639.84
汇兑收益,0.0,0.0,0.0,0.0,0.0,0.0,0.0,0.0,0.0,0.0,0.0,0.0,0.0,0.0,0.0,0.0,0.0,0.0,0.0,0.0,0.0,0.0,0.0,0.0,0.0,0.0,0.0,0.0,0.0,0.0,0.0,0.0,0.0,0.0,0.0,0.0,0.0,0.0,0.0,0.0,0.0,0.0,0.0,0.0
三、营业利润,1200.15,1394.06,1711.57,1028.24,1710.91,2868.27,703.05,2009.39,2898.58,3339.21,318.59,1331.63,2626.94,3599.83,-62.11,1266.69,3378.18,5064.21,428.72,2524.15,4721.55,8976.5,900.42,3724.84,4893.83,10170.47,970.46,46349.91,48068.55,51770.89,-601.13,8447.99,12937.89,25739.6,3042.53,9975.23,17141.52,31028.15,3966.71,12883.4,23742.56,41251.39,1288.36,6784.84
加:营业外收入,99.67,446.24,1181.43,259.32,341.52,1030.12,10.83,72.32,283.15,1566.7,400.72,773.65,1054.74,2176.09,808.56,1580.15,2037.96,3384.11,769.74,1581.53,2677.13,3933.17,898.21,2345.58,3324.91,5322.63,1308.9,2680.94,3645.77,6614.78,2736.7,547.32,778.16,206.13,0.68,12.2,32.32,8.95,1.01,1.34,8.8,35.13,1.04,7.21
减：营业外支出,0.07,5.36,0.06,0.0,0.0,2.54,0.0,0.0,0.0,1.0,2.7,12.2,0.12,1.53,0.0,0.0,32.91,33.82,0.0,4.19,6.6,10.0,2.12,79.67,100.6,42.44,0.65,13.93,14.23,38.2,5.82,21.0,96.11,323.87,1.53,1.62,3.16,84.77,1.12,1.12,1.12,24.0,1242.71,1797.85
其中：非流动资产处置损失,0.0,0.0,0.0,0.0,0.0,1.54,0.0,0.0,0.0,0.0,0.0,0.0,0.0,0.53,0.0,0.0,32.91,32.82,0.0,0.0,6.6,8.92,2.12,69.67,68.49,7.22,0.65,3.91,4.21,12.95,5.82,14.18,74.43,0.0,0.0,0.0,0.0,0.0,0.0,0.0,0.0,0.0,0.0,0.0
四、利润总额,1299.75,1834.94,2892.94,1287.55,2052.42,3895.85,713.88,2081.71,3181.73,4904.91,716.61,2093.08,3681.56,5774.38,746.45,2846.83,5383.23,8414.5,1198.47,4101.48,7392.08,12899.67,1796.5,5990.75,8118.13,15450.67,2278.71,49016.92,51700.1,58347.47,2129.75,8974.31,13619.94,25621.86,3041.68,9985.81,17170.68,30952.33,3966.6,12883.62,23750.24,41262.51,46.7,4994.2
减：所得税费用,75.66,133.07,276.68,196.39,291.58,361.2,100.71,322.83,485.3,475.62,79.71,251.21,390.2,527.07,96.4,347.45,665.45,574.65,210.04,552.29,816.48,635.47,194.84,212.47,-723.77,-698.49,205.15,6591.56,5822.38,5799.51,6.34,704.84,922.91,2648.1,-533.83,-1281.18,-1044.08,269.42,-1161.38,-1744.98,-1501.55,1705.34,-473.18,-1194.53
五、净利润,1224.09,1701.87,2616.26,1091.16,1760.85,3534.65,613.17,1758.88,2696.44,4429.29,636.9,1841.87,3291.37,5247.32,650.05,2499.38,4717.79,7839.85,988.43,3549.2,6575.6,12264.2,1601.66,5778.28,8841.9,16149.15,2073.55,42425.36,45877.72,52547.96,2123.42,8269.46,12697.03,22973.76,3575.51,11266.98,18214.76,30682.9,5127.98,14628.6,25251.78,39557.18,519.87,6188.73
归属于母公司所有者的净利润,1224.09,1701.87,2616.26,1091.16,1760.85,3534.65,613.17,1758.88,2696.44,4429.29,636.9,1873.52,3365.53,5284.99,773.62,2690.4,4926.37,8060.4,1093.05,3771.72,6872.87,12097.16,1702.74,5847.48,8960.26,15250.37,2215.32,42345.27,45896.52,51862.28,2695.64,8912.3,13362.39,22903.99,4044.61,11872.71,19258.22,30330.52,5746.48,16219.75,27293.94,39842.07,1174.81,7465.48
少数股东损益,0.0,0.0,0.0,0.0,0.0,0.0,0.0,0.0,0.0,0.0,0.0,-31.65,-74.16,-37.68,-123.57,-191.01,-208.58,-220.55,-104.62,-222.52,-297.27,167.04,-101.08,-69.2,-118.36,898.78,-141.76,80.09,-18.79,685.68,-572.23,-642.83,-665.36,69.77,-469.11,-605.72,-1043.47,352.38,-618.51,-1591.14,-2042.15,-284.9,-654.94,-1276.75
基本每股收益(元/股),0.5,0.66,0.65,0.27,0.44,0.88,0.15,0.44,0.65,1.0,0.12,0.18,0.31,0.49,0.07,0.25,0.46,0.7528,0.1,0.175,0.318,0.56,0.08,0.107,0.164,0.2783,0.0399,0.5294,0.5706,0.6413,0.0323,0.0562,0.0845,0.1439,0.0256,0.0748,0.1212,0.1897,0.0358,0.1008,0.1695,0.2463,0.0073,0.0352
稀释每股收益(元/股),0.0,0.0,0.0,0.0,0.44,0.0,0.15,0.0,0.65,1.0,0.12,0.18,0.31,0.49,0.07,0.25,0.45,0.739,0.1,0.172,0.31,0.55,0.07,0.106,0.162,0.2754,0.0392,0.5216,0.563,0.5805,0.0322,0.0558,0.0836,0.1412,0.0252,0.0741,0.1203,0.1864,0.0356,0.1009,0.1698,0.2451,0.0072,0.0351
七、其他综合收益,0.0,0.0,0.0,0.0,0.0,0.0,0.0,0.0,0.0,0.0,0.0,0.0,0.0,0.0,0.0,0.0,0.0,0.0,0.0,0.0,0.0,0.0,0.0,0.0,0.0,0.0,0.0,0.0,0.0,0.0,0.0,0.0,0.0,0.0,0.0,0.0,0.0,0.0,0.0,0.0,0.0,0.0,0.0,0.0
八、综合收益总额,1224.09,1701.87,2616.26,1091.16,1760.85,3534.65,613.17,1758.88,2696.44,4429.29,636.9,1841.87,3291.37,5247.32,650.05,2499.38,4717.79,7839.85,988.43,3549.2,6575.6,12264.2,1601.66,5778.28,8841.9,16149.15,2073.55,42425.36,45877.72,52547.96,2123.42,8269.46,12697.03,22973.76,3575.51,11266.98,18214.76,30682.9,5127.98,14628.6,25251.78,39557.18,519.87,6188.73
归属于母公司所有者的综合收益总额,1224.09,1701.87,2616.26,1091.16,1760.85,3534.65,613.17,1758.88,2696.44,4429.29,636.9,1873.52,3365.53,5284.99,773.62,2690.4,4926.37,8060.4,1093.05,3771.72,6872.87,12097.16,1702.74,5847.48,8960.26,15250.37,2215.32,42345.27,45896.52,51862.28,2695.64,8912.3,13362.39,22903.99,4044.61,11872.71,19258.22,30330.52,5746.48,16219.75,27293.94,39842.07,1174.81,7465.48
归属于少数股东的综合收益总额,0.0,0.0,0.0,0.0,0.0,0.0,0.0,0.0,0.0,0.0,0.0,-31.65,-74.16,-37.68,-123.57,-191.01,-208.58,-220.55,-104.62,-222.52,-297.27,167.04,-101.08,-69.2,-118.36,898.78,-141.76,80.09,-18.79,685.68,-572.23,-642.83,-665.36,69.77,-469.11,-605.72,-1043.47,352.38,-618.51,-1591.14,-2042.15,-284.9,-654.94,-1276.75
