报表日期,2009-12-31,2010-12-31,2011-12-31,2012-09-30,2012-12-31,2013-03-31,2013-06-30,2013-09-30,2013-12-31,2014-03-31,2014-06-30,2014-09-30,2014-12-31,2015-03-31,2015-06-30,2015-09-30,2015-12-31,2016-03-31,2016-06-30,2016-09-30,2016-12-31,2017-03-31,2017-06-30,2017-09-30,2017-12-31,2018-03-31,2018-06-30,2018-09-30,2018-12-31,2019-03-31,2019-06-30,2019-09-30,2019-12-31,2020-03-31,2020-06-30,2020-09-30
一、营业总收入,3740.72,5932.77,10317.63,10863.06,14751.73,4305.41,8764.9,14646.89,19360.98,5191.63,10528.63,18111.34,23951.11,5908.79,11778.4,20223.91,26710.56,6911.73,13341.56,23846.63,31208.58,8109.96,16513.29,29362.24,38557.68,10693.4,21870.95,38569.37,50074.47,13808.44,27433.73,49999.93,63935.29,11027.57,25942.83,49105.89
营业收入,3740.72,5932.77,10317.63,10863.06,14751.73,4305.41,8764.9,14646.89,19360.98,5191.63,10528.63,18111.34,23951.11,5908.79,11778.4,20223.91,26710.56,6911.73,13341.56,23846.63,31208.58,8109.96,16513.29,29362.24,38557.68,10693.4,21870.95,38569.37,50074.47,13808.44,27433.73,49999.93,63935.29,11027.57,25942.83,49105.89
二、营业总成本,2887.31,4098.53,6200.17,0.0,8715.75,2475.55,5194.9,0.0,11191.8,3696.92,6412.68,9913.58,12834.95,3085.19,6042.81,9862.51,13452.61,3675.84,7151.48,11486.78,15955.15,3753.71,7725.41,12622.36,17776.07,4918.74,10228.26,17152.34,23713.51,6239.97,12468.2,21376.53,29709.75,6371.87,13771.3,23353.8
营业成本,452.89,568.93,647.23,0.0,755.91,174.4,350.72,0.0,737.43,187.84,425.56,755.06,973.25,260.32,623.17,1007.21,1310.4,290.4,600.07,964.18,1155.53,230.4,501.79,881.32,1408.56,708.79,1333.83,2348.6,2851.82,491.22,970.36,1745.18,2285.26,484.91,1415.5,2241.32
营业税金及附加,8.18,31.82,180.12,0.0,243.92,70.73,141.09,0.0,302.06,37.1,75.32,106.57,130.46,24.38,49.28,84.34,111.08,27.7,51.56,90.7,124.34,28.05,120.79,165.58,261.23,38.76,143.78,182.26,272.16,49.26,106.8,251.81,327.06,43.3,140.98,229.57
销售费用,1843.23,2332.12,3779.87,0.0,5593.36,1632.99,3453.78,0.0,7572.65,2055.43,4032.39,6428.34,8869.08,2159.48,4386.18,7014.84,9604.45,2585.29,5152.11,8247.91,11449.67,2788.26,5622.64,9102.43,12888.78,3322.56,6939.81,11658.3,16828.83,4840.11,9852.69,16488.5,22370.23,4652.47,9593.72,16030.82
管理费用,742.7,1210.54,1473.87,0.0,2039.25,612.75,1235.43,0.0,2563.96,1366.9,1945.93,2588.18,3196.62,723.1,1228.9,1974.79,2816.08,768.55,1513.28,2282.84,3479.68,703.8,1585.69,2443.45,3389.38,883.12,1995.27,2354.83,3415.99,694.84,1337.67,2094.93,3016.53,758.4,1433.28,2454.58
财务费用,-103.57,-64.51,31.22,0.0,-12.98,-15.33,-32.83,0.0,-87.5,-54.55,-174.62,-221.54,-438.65,-159.23,-333.08,-441.38,-519.92,-100.86,-228.67,-331.63,-437.76,-94.69,-187.15,-254.67,-377.14,-129.75,-305.32,-647.73,-1117.83,-578.05,-1204.79,-1819.59,-2406.44,-659.36,-1301.68,-2051.6
资产减值损失,-56.12,19.63,87.87,0.0,96.29,0.0,46.7,0.0,103.2,104.2,108.11,256.98,104.19,77.14,88.36,222.7,130.52,104.78,63.15,232.78,183.69,97.91,81.65,284.24,205.26,95.25,120.89,352.46,114.69,0.0,0.0,0.0,0.0,0.0,0.0,0.0
公允价值变动收益,0.0,0.0,0.0,0.0,0.0,0.0,0.0,0.0,0.0,0.0,0.0,0.0,0.0,0.0,0.0,0.0,0.0,0.0,0.0,0.0,0.0,0.0,0.0,0.0,0.0,0.0,0.0,0.0,0.0,11.79,22.73,45.0,37.11,0.6,-32.92,65.44
投资收益,124.48,29.41,0.0,0.0,0.0,0.0,0.0,0.0,0.0,0.0,0.0,60.07,124.87,53.64,55.98,55.98,154.31,96.38,178.23,204.72,343.16,132.7,304.29,551.64,761.29,297.03,522.38,668.32,780.49,112.45,130.05,135.71,199.14,22.12,78.59,83.49
其中:对联营企业和合营企业的投资收益,-10.26,10.26,0.0,0.0,0.0,0.0,0.0,0.0,0.0,0.0,0.0,0.0,0.0,0.0,0.0,0.0,0.0,0.0,0.0,0.0,0.0,0.0,0.0,0.0,0.0,0.0,0.0,0.0,0.0,0.0,0.0,0.0,0.0,0.0,0.0,0.0
汇兑收益,0.0,0.0,0.0,0.0,0.0,0.0,0.0,0.0,0.0,0.0,0.0,0.0,0.0,0.0,0.0,0.0,0.0,0.0,0.0,0.0,0.0,0.0,0.0,0.0,0.0,0.0,0.0,0.0,0.0,0.0,0.0,0.0,0.0,0.0,0.0,0.0
三、营业利润,977.89,1863.65,4117.46,4665.51,6035.98,1829.86,3570.0,6461.73,8169.18,1494.71,4115.95,8257.83,11241.04,2877.24,5791.58,10417.38,13412.26,3332.27,6368.31,12564.58,15596.59,4488.94,9092.16,17291.52,21622.27,6069.13,12161.46,22080.53,27135.56,7703.42,14965.53,28312.31,34337.49,4674.95,12164.13,25567.52
加:营业外收入,54.15,207.0,282.46,0.0,308.52,40.13,63.32,0.0,156.71,69.73,493.28,518.35,701.6,5.0,279.03,319.53,453.91,5.38,9.46,47.03,50.24,27.48,201.58,234.09,283.21,48.16,151.35,256.3,268.91,1.05,185.55,357.17,357.62,124.8,210.7,1034.35
减：营业外支出,51.5,2.01,6.52,0.0,4.24,0.01,2.88,0.0,14.79,0.52,50.54,51.72,54.82,0.59,3.24,3.63,4.55,4.99,5.84,373.89,463.62,2.91,9.33,17.6,8.56,2.03,102.03,103.04,106.24,0.0,0.79,0.79,123.49,2.18,2.18,2.18
其中：非流动资产处置损失,0.18,2.01,0.06,0.0,0.22,0.0,2.53,0.0,4.11,0.16,0.17,1.33,4.41,0.09,2.74,3.13,3.55,4.99,5.82,360.84,450.56,0.35,2.38,10.64,0.0,0.0,0.0,0.0,0.0,0.0,0.0,0.0,0.0,0.0,0.0,0.0
四、利润总额,980.54,2068.64,4393.4,4748.21,6340.27,1869.99,3630.43,6571.47,8311.09,1563.93,4558.68,8724.46,11887.82,2881.65,6067.37,10733.28,13861.62,3332.67,6371.93,12237.71,15183.21,4513.52,9284.41,17508.01,21896.92,6115.25,12210.78,22233.79,27298.22,7704.47,15150.29,28668.69,34571.62,4797.57,12372.64,26599.68
减：所得税费用,-70.78,228.05,666.92,0.0,963.35,259.27,478.68,0.0,1255.98,229.63,625.37,1215.41,1932.95,467.73,934.33,1606.78,2079.96,485.01,958.99,1979.79,2263.11,692.76,1411.41,2659.16,3286.53,919.81,1816.76,3321.0,4111.8,1157.05,2281.45,4386.72,5309.6,774.67,1966.26,4261.99
五、净利润,1051.32,1840.59,3726.47,4040.09,5376.92,1610.72,3151.75,5607.14,7055.11,1334.3,3933.31,7509.05,9954.86,2413.91,5133.04,9126.5,11781.66,2847.66,5412.94,10257.92,12920.1,3820.77,7873.01,14848.85,18610.39,5195.44,10394.03,18912.79,23186.42,6547.42,12868.84,24281.97,29262.02,4022.9,10406.38,22337.69
归属于母公司所有者的净利润,1051.32,1840.59,3726.47,4040.55,5377.38,1611.48,3152.98,5608.48,7056.43,1334.89,3933.9,7509.64,9955.48,2416.88,5133.38,9126.85,11782.0,2847.66,5412.94,10257.92,12920.1,3820.77,7873.01,14848.85,18610.39,5195.44,10394.03,18933.88,23288.41,6613.77,13047.83,24658.19,29829.66,4136.87,10705.52,22913.07
少数股东损益,0.0,0.0,0.0,0.0,-0.46,-0.76,-1.23,0.0,-1.32,-0.59,-0.59,-0.59,-0.61,-2.97,-0.35,-0.35,-0.35,0.0,0.0,0.0,0.0,0.0,0.0,0.0,0.0,0.0,0.0,-21.09,-101.99,-66.35,-178.99,-376.22,-567.64,-113.97,-299.14,-575.37
基本每股收益(元/股),0.0,0.0,0.41,0.0,0.6,0.18,0.35,0.0,0.78,0.13,0.25,0.47,0.62,0.15,0.32,0.56,0.73,0.18,0.33,0.63,0.8,0.24,0.4872,0.9189,1.15,0.32,0.3573,0.6509,0.8006,0.2274,0.2492,0.47100000000000003,0.5697,0.079,0.2045,0.4376
稀释每股收益(元/股),0.0,0.0,0.41,0.0,0.6,0.18,0.35,0.0,0.78,0.13,0.25,0.47,0.62,0.15,0.32,0.56,0.73,0.18,0.33,0.63,0.8,0.24,0.4872,0.9189,1.15,0.32,0.3573,0.6509,0.8006,0.2274,0.2492,0.47100000000000003,0.5697,0.079,0.2045,0.4376
七、其他综合收益,0.23,0.34,-1.13,0.0,0.31,-0.02,-0.64,0.0,-1.17,0.28,0.31,0.26,0.15,-0.16,0.36,1.65,2.32,-0.18,0.67,0.92,2.23,-0.26,-1.04,-1.75,-2.27,-1.32,0.27,1.66,1.53,-0.68,0.13,0.94,13.72,0.65,0.64,-0.61
八、综合收益总额,1051.55,1840.93,3725.34,0.0,5377.23,1610.7,3151.11,0.0,7053.94,1334.58,3933.62,7509.31,9955.01,2413.76,5133.4,9128.15,11783.98,2847.48,5413.61,10258.84,12922.33,3820.5,7871.97,14847.1,18608.12,5194.12,10394.29,18914.45,23187.95,6546.74,12868.97,24282.91,29275.74,4023.55,10407.02,22337.09
归属于母公司所有者的综合收益总额,1051.43,1840.74,3725.6,0.0,5377.69,1611.46,3152.34,0.0,7055.26,1335.18,3934.22,7509.9,9955.62,2416.73,5133.74,9128.5,11784.33,2847.48,5413.61,10258.84,12922.33,3820.5,7871.97,14847.1,18608.12,5194.12,10394.29,18935.54,23289.94,6613.09,13047.96,24659.13,29843.38,4137.52,10706.16,22912.46
归属于少数股东的综合收益总额,0.12,0.19,-0.26,0.0,-0.46,-0.76,-1.23,0.0,-1.32,-0.59,-0.59,-0.59,-0.61,-2.97,-0.35,-0.35,-0.35,0.0,0.0,0.0,0.0,0.0,0.0,0.0,0.0,0.0,0.0,-21.09,-101.99,-66.35,-178.99,-376.22,-567.64,-113.97,-299.14,-575.37
