报表日期,2011-12-31,2012-12-31,2013-09-30,2013-12-31,2014-03-31,2014-06-30,2014-09-30,2014-12-31,2015-03-31,2015-06-30,2015-09-30,2015-12-31,2016-03-31,2016-06-30,2016-09-30,2016-12-31,2017-03-31,2017-06-30,2017-09-30,2017-12-31,2018-03-31,2018-06-30,2018-09-30,2018-12-31,2019-03-31,2019-06-30,2019-09-30
一、营业总收入,22518.59,25132.79,18369.62,26405.77,5222.56,16355.19,24396.49,31107.47,5619.44,15776.26,24498.97,35708.35,8191.22,23212.85,39186.3,60034.47,17587.67,54374.32,90439.22,126537.89,25265.05,69639.17,106914.56,142898.56,24622.53,55386.28,91351.36
营业收入,22518.59,25132.79,18369.62,26405.77,5222.56,16355.19,24396.49,31107.47,5619.44,15776.26,24498.97,35708.35,8191.22,23212.85,39186.3,60034.47,17587.67,54374.32,90439.22,126537.89,25265.05,69639.17,106914.56,142898.56,24622.53,55386.28,91351.36
二、营业总成本,18982.87,21496.23,16077.22,23124.9,5038.48,14383.97,21503.25,28178.98,5470.16,14268.73,22264.04,32664.11,8111.54,21741.41,36261.79,54557.55,15413.86,45738.86,74697.77,109706.66,22931.66,57727.75,89434.83,150184.55,22778.23,53169.26,88216.9
营业成本,13198.78,15094.83,11439.33,16676.4,3525.17,10713.72,15981.99,20484.34,3543.14,10178.46,16058.75,23039.44,5234.89,14340.11,24181.09,37081.62,11004.2,33869.58,55435.67,79143.04,15709.19,41321.62,63510.99,87706.9,14790.16,35168.05,60021.17
营业税金及附加,200.24,185.67,147.94,192.05,32.66,129.37,183.92,223.84,32.56,95.94,145.5,266.77,48.63,125.33,178.57,469.32,81.81,404.96,671.05,1167.42,126.41,387.4,652.73,967.67,161.47,287.9,415.21
销售费用,1712.52,1803.45,1306.71,1875.66,498.09,1113.85,1743.69,2382.53,564.7,1150.71,1735.65,2299.24,603.16,1569.59,2645.23,3961.51,1359.91,3545.73,5481.62,8192.41,2206.7,4914.08,8153.53,12694.13,2927.88,6114.09,9503.81
管理费用,3447.01,4090.92,2976.33,4169.74,976.88,2161.75,3289.21,4672.41,1292.38,2641.07,4080.65,6347.05,2153.45,5127.34,8500.82,12077.88,2879.85,7131.81,11738.75,16239.58,4593.5,9850.2,8104.86,10662.8,2565.24,5346.84,8573.33
财务费用,274.82,194.76,96.51,83.06,5.68,82.7,136.17,221.33,37.38,-30.67,-36.76,120.78,71.41,208.0,292.78,328.96,59.93,140.08,256.19,574.82,401.96,829.06,1488.88,1715.84,343.11,801.72,1081.73
研发费用,0.0,0.0,0.0,0.0,0.0,0.0,0.0,0.0,0.0,0.0,0.0,0.0,0.0,0.0,0.0,0.0,0.0,0.0,0.0,0.0,0.0,0.0,7186.8,11778.36,2313.09,5450.66,8621.65
资产减值损失,149.5,126.61,110.4,127.98,0.0,182.58,168.27,194.53,0.0,233.21,280.26,590.84,0.0,371.03,463.3,638.25,28.15,646.7,1114.47,4389.4,-106.09,425.4,337.04,24658.86,-322.73,0.0,0.0
公允价值变动收益,0.0,0.0,0.0,0.0,0.0,0.0,0.0,0.0,0.0,0.0,0.0,0.0,0.0,0.0,0.0,0.0,0.0,0.0,0.0,4410.91,0.0,0.0,-3760.58,6741.8,0.0,-12077.87,-12077.87
投资收益,5.23,0.0,0.0,0.0,0.0,0.0,0.0,0.0,0.0,0.0,0.0,792.58,58.3,372.21,816.23,1686.58,146.92,153.12,153.12,509.84,0.0,0.0,2481.98,2495.22,0.0,11976.15,11976.15
其中:对联营企业和合营企业的投资收益,0.0,0.0,0.0,0.0,0.0,0.0,0.0,0.0,0.0,0.0,0.0,0.0,58.3,0.0,816.23,1686.58,146.92,179.52,153.12,146.92,0.0,0.0,0.0,0.0,0.0,0.0,0.0
汇兑收益,0.0,0.0,0.0,0.0,0.0,0.0,0.0,0.0,0.0,0.0,0.0,0.0,0.0,0.0,0.0,0.0,0.0,0.0,0.0,0.0,0.0,0.0,0.0,0.0,0.0,0.0,0.0
三、营业利润,3540.96,3636.55,2292.4,3280.87,184.08,1971.22,2893.24,2928.49,149.28,1507.53,2234.93,3836.82,137.98,1843.65,3740.74,7163.5,2320.74,9031.06,16299.25,23207.65,3397.97,13465.18,18607.17,5162.51,2381.18,2964.55,4239.5
加:营业外收入,933.19,1185.99,476.11,534.13,22.36,108.52,148.07,422.25,53.12,427.87,514.82,661.92,46.49,281.96,460.31,804.33,211.02,470.09,585.77,87.95,13.02,32.23,33.19,61.68,2.28,36.35,346.47
减：营业外支出,11.86,0.92,15.74,16.8,1.43,1.43,2.25,2.61,0.0,10.86,21.73,23.52,6.12,6.12,7.3,7.93,0.35,6.2,23.16,22.54,1.48,111.41,152.32,360.91,1.17,4.26,17.23
其中：非流动资产处置损失,7.86,0.15,0.35,1.17,0.0,0.0,0.82,1.18,0.0,0.86,11.73,13.06,2.17,2.17,2.62,3.11,0.35,0.94,2.55,0.0,0.0,0.0,0.0,0.0,0.0,0.0,0.0
四、利润总额,4462.29,4821.62,2752.77,3798.19,205.0,2078.3,3039.07,3348.14,202.4,1924.53,2728.02,4475.22,178.36,2119.5,4193.75,7959.9,2531.41,9494.95,16861.86,23273.06,3409.51,13386.0,18488.03,4863.29,2382.3,2996.63,4568.74
减：所得税费用,652.91,650.97,387.89,521.68,35.9,299.01,467.37,434.81,30.36,271.9,354.77,541.18,-26.32,124.77,294.81,676.25,365.96,1323.7,2605.31,3271.18,440.46,1907.72,1922.58,2971.48,446.86,-1124.55,-878.51
五、净利润,3809.38,4170.65,2364.88,3276.52,169.1,1779.3,2571.7,2913.33,172.04,1652.64,2373.25,3934.04,204.67,1994.73,3898.94,7283.65,2165.45,8171.25,14256.55,20001.88,2969.06,11478.28,16565.45,1891.8,1935.45,4121.18,5447.25
归属于母公司所有者的净利润,3809.38,4170.65,2364.88,3276.52,169.1,1779.3,2571.7,2913.33,172.04,1652.64,2373.25,3934.04,204.67,1994.73,3898.94,7283.65,2165.45,8171.25,14256.55,19758.53,2999.93,11478.37,16422.69,1692.03,1871.12,4019.06,5319.28
少数股东损益,0.0,0.0,0.0,0.0,0.0,0.0,0.0,0.0,0.0,0.0,0.0,0.0,0.0,0.0,0.0,0.0,0.0,0.0,0.0,243.35,-30.87,-0.08,142.76,199.77,64.33,102.12,127.98
基本每股收益(元/股),0.85,0.93,0.53,0.73,0.0376,0.4,0.57,0.65,0.0287,0.28,0.3955,0.2623,0.0128,0.1223,0.2305,0.45,0.12,0.44,0.76,1.0498,0.15,0.59,0.85,0.086,0.1,0.09,0.13
稀释每股收益(元/股),0.85,0.93,0.53,0.73,0.0376,0.4,0.57,0.65,0.0287,0.28,0.3955,0.2623,0.0128,0.1223,0.2305,0.44,0.12,0.44,0.75,1.0396,0.15,0.59,0.84,0.086,0.1,0.09,0.13
七、其他综合收益,0.0,0.0,0.0,0.0,0.0,0.0,0.0,0.0,0.0,0.0,0.0,0.0,0.0,180.5,185.89,33.86,-2.57,-36.05,-39.35,-54.61,-39.66,81.36,113.08,65.08,4.78,71.36,123.19
八、综合收益总额,3809.38,4170.65,2364.88,3276.52,169.1,1779.3,2571.7,2913.33,172.04,1652.64,2373.25,3934.04,204.67,2175.23,4084.84,7317.51,2162.88,8135.2,14217.2,19947.27,2929.4,11559.64,16678.53,1956.88,1940.23,4192.55,5570.44
归属于母公司所有者的综合收益总额,3809.38,4170.65,2364.88,3276.52,169.1,1779.3,2571.7,2913.33,172.04,1652.64,2373.25,3934.04,204.67,2175.23,4084.84,7317.51,2162.88,8135.2,14217.2,19703.92,2960.27,11559.72,16535.77,1757.11,1875.9,4090.42,5442.47
归属于少数股东的综合收益总额,0.0,0.0,0.0,0.0,0.0,0.0,0.0,0.0,0.0,0.0,0.0,0.0,0.0,0.0,0.0,0.0,0.0,0.0,0.0,243.35,-30.87,-0.08,142.76,199.77,64.33,102.12,127.98
