报表日期,2007-03-31,2007-06-30,2007-09-30,2007-12-31,2008-03-31,2008-06-30,2008-09-30,2008-12-31,2009-03-31,2009-06-30,2009-09-30,2009-12-31,2010-03-31,2010-06-30,2010-09-30,2010-12-31,2011-03-31,2011-06-30,2011-09-30,2011-12-31,2012-03-31,2012-06-30,2012-09-30,2012-12-31,2013-03-31,2013-06-30,2013-09-30,2013-12-31,2014-03-31,2014-06-30,2014-09-30,2014-12-31,2015-03-31,2015-06-30,2015-09-30,2015-12-31,2016-03-31,2016-06-30,2016-09-30,2016-12-31,2017-03-31,2017-06-30,2017-09-30,2017-12-31,2018-03-31,2018-06-30,2018-09-30,2018-12-31,2019-03-31,2019-06-30,2019-09-30,2019-12-31,2020-03-31,2020-06-30,2020-09-30
一、营业总收入,27825000.0,56683000.0,87521800.0,120484300.0,33201000.0,73478300.0,114739700.0,145210100.0,22858500.0,53402500.0,89344800.0,134505200.0,43820900.0,93652300.0,142762200.0,191318200.0,58884200.0,123327200.0,187510200.0,250568300.0,67136500.0,134807200.0,202476600.0,278604500.0,69557100.0,141524400.0,213992400.0,288031100.0,64106500.0,135617200.0,211564800.0,282591400.0,47824100.0,104036200.0,153683700.0,201888300.0,41379000.0,87922000.0,136394500.0,193091100.0,58218500.0,116583700.0,174495500.0,236019300.0,62125100.0,130025200.0,207297000.0,289117900.0,71757900.0,149899600.0,223330500.0,296619300.0,55550200.0,103424600.0,155461700.0
营业收入,27296400.0,56683000.0,87521800.0,120484300.0,33201000.0,73478300.0,114739700.0,145210100.0,22858500.0,53402500.0,89344800.0,134505200.0,43820900.0,93652300.0,142762200.0,191318200.0,58884200.0,123327200.0,187510200.0,250568300.0,67136500.0,134807200.0,202476600.0,278604500.0,69557100.0,141524400.0,213992400.0,288031100.0,64106500.0,135617200.0,211564800.0,282591400.0,47824100.0,104036200.0,153683700.0,201888300.0,41379000.0,87922000.0,136394500.0,193091100.0,58218500.0,116583700.0,174495500.0,236019300.0,62125100.0,130025200.0,207297000.0,289117900.0,71757900.0,149899600.0,223330500.0,296619300.0,55550200.0,103424600.0,155461700.0
二、营业总成本,25125900.0,51570600.0,80454100.0,112924600.0,33622000.0,76320000.0,117951900.0,148311600.0,21434400.0,49143600.0,82952300.0,126807400.0,41839300.0,89107100.0,135185700.0,181732200.0,56014200.0,118016200.0,179516600.0,239698500.0,65287900.0,131530600.0,196717000.0,269986500.0,67139000.0,137319600.0,206831700.0,278853500.0,62116300.0,131151800.0,204865900.0,276441900.0,47658900.0,100565000.0,149813600.0,197611000.0,40281000.0,85044900.0,131989900.0,188259800.0,55823300.0,113066400.0,169479700.0,229511300.0,59406300.0,123981300.0,198944400.0,279899700.0,69315200.0,144927000.0,217223700.0,287637700.0,58310700.0,105402800.0,155344400.0
营业成本,22823200.0,46510500.0,72763700.0,101296100.0,29551000.0,67967800.0,106002900.0,132678300.0,16644400.0,38932500.0,66711300.0,103581500.0,35837900.0,76703200.0,116132400.0,153713100.0,48734600.0,102987500.0,156432600.0,209319900.0,57479800.0,115243100.0,172471100.0,237223500.0,59005500.0,121355000.0,182743700.0,245704100.0,54034000.0,114804900.0,180372900.0,242901700.0,38528100.0,81973300.0,121705600.0,159277100.0,31328900.0,66519300.0,104220800.0,149216500.0,46631800.0,94260200.0,140555600.0,189039800.0,50127800.0,105071900.0,169668000.0,240101200.0,59641200.0,126309300.0,188108300.0,248885200.0,49927400.0,87616500.0,126832900.0
营业税金及附加,631300.0,1414400.0,2301400.0,3430400.0,1373700.0,2845100.0,4716100.0,5679900.0,2835800.0,6151800.0,9691100.0,13288400.0,3629100.0,7541000.0,11508900.0,15718900.0,4393700.0,9328500.0,14198200.0,18994900.0,4741500.0,9526700.0,14056000.0,18848300.0,4802200.0,9445100.0,14239800.0,19067200.0,4613600.0,9376700.0,14195000.0,19120200.0,5883000.0,11988600.0,17926000.0,23634300.0,5509900.0,11283100.0,17107300.0,23200600.0,5816900.0,11629700.0,17632900.0,23529200.0,5771900.0,11872100.0,18354500.0,24649800.0,6045900.0,12024600.0,18193100.0,24253500.0,4969100.0,10784300.0,17187700.0
销售费用,455000.0,950000.0,1461400.0,2256400.0,563200.0,1188500.0,1810900.0,2496700.0,550900.0,1205500.0,1998400.0,2763500.0,691000.0,1417800.0,2219400.0,3198100.0,810800.0,1665000.0,2690800.0,3839900.0,930100.0,1892200.0,2975600.0,4029900.0,1041000.0,2081100.0,3217200.0,4435900.0,1072000.0,2206000.0,3373200.0,4627400.0,1096100.0,2237900.0,3415000.0,4687200.0,1185800.0,2357200.0,3571500.0,4955000.0,1242900.0,2595500.0,4012800.0,5605500.0,1368800.0,2766100.0,4271800.0,5939600.0,1474800.0,2974000.0,4576100.0,6351600.0,1465300.0,2948300.0,4538900.0
管理费用,829500.0,1700900.0,2550800.0,3596400.0,911000.0,1872100.0,2893900.0,4091700.0,956500.0,2008700.0,3296800.0,4672600.0,1206000.0,2431400.0,3825600.0,5777400.0,1447700.0,2850200.0,4483900.0,6308300.0,1416700.0,2922300.0,4418400.0,6559000.0,1680400.0,3337500.0,5145200.0,7357200.0,1682200.0,3443900.0,5129100.0,7050000.0,1684600.0,3427100.0,5210200.0,7188100.0,1853900.0,3841600.0,5671100.0,7415500.0,1791100.0,3590300.0,5698900.0,7892800.0,1870600.0,3390800.0,5272500.0,7339000.0,1548500.0,2703900.0,4311800.0,6211200.0,1412800.0,3102100.0,4694300.0
财务费用,145700.0,269600.0,408800.0,489000.0,76500.0,365800.0,670600.0,872300.0,228100.0,388100.0,573500.0,701600.0,143300.0,364900.0,528500.0,684700.0,187400.0,348600.0,494600.0,654400.0,261300.0,553300.0,828400.0,981900.0,251100.0,329200.0,546300.0,627400.0,418800.0,653900.0,853900.0,961800.0,240900.0,314500.0,773000.0,901700.0,182600.0,428400.0,544700.0,661100.0,82700.0,128900.0,179000.0,156000.0,45500.0,26300.0,63200.0,-100100.0,233000.0,516300.0,779000.0,996700.0,201000.0,521500.0,734900.0
资产减值损失,0.0,153500.0,159300.0,745800.0,901200.0,1607900.0,1195200.0,1661700.0,-3800.0,17800.0,59900.0,745300.0,48000.0,74100.0,218700.0,1544500.0,102700.0,271200.0,284100.0,581100.0,42500.0,704800.0,751800.0,790600.0,-1200.0,7300.0,3400.0,404400.0,-4900.0,111200.0,113000.0,683900.0,-51300.0,20500.0,32700.0,876700.0,4700.0,142300.0,152800.0,1707600.0,30300.0,407600.0,709000.0,2179100.0,-1300.0,13700.0,72800.0,1160500.0,-13600.0,0.0,0.0,0.0,0.0,0.0,0.0
公允价值变动收益,0.0,-89700.0,-152300.0,-321100.0,299600.0,295600.0,375300.0,396900.0,-5100.0,-38900.0,-40900.0,-36500.0,17000.0,54000.0,54000.0,-17900.0,-11800.0,30500.0,27400.0,142300.0,-53900.0,51000.0,117500.0,20600.0,-162700.0,73700.0,156700.0,216700.0,-143300.0,-207400.0,-203200.0,-415100.0,-25900.0,11100.0,-2500.0,73500.0,-200.0,11300.0,-11700.0,-21600.0,0.0,36900.0,53100.0,-1300.0,12600.0,-45000.0,47600.0,265600.0,-222600.0,-30600.0,-142600.0,-351100.0,834200.0,11000.0,173800.0
投资收益,117500.0,281700.0,411700.0,575600.0,77900.0,167700.0,212500.0,98000.0,56400.0,179900.0,271400.0,358900.0,102600.0,199400.0,296900.0,567100.0,149300.0,282200.0,399200.0,418600.0,67800.0,23200.0,63500.0,154000.0,54900.0,90800.0,153800.0,251000.0,85400.0,225200.0,625200.0,813700.0,106500.0,446100.0,465000.0,857300.0,133600.0,539400.0,725300.0,3077900.0,394400.0,815200.0,1202000.0,1906000.0,335500.0,588400.0,970300.0,1142800.0,128500.0,277400.0,647500.0,1262800.0,15300.0,563100.0,4205100.0
其中:对联营企业和合营企业的投资收益,0.0,0.0,0.0,0.0,0.0,0.0,0.0,0.0,46300.0,0.0,0.0,0.0,0.0,0.0,0.0,0.0,0.0,0.0,0.0,0.0,0.0,0.0,0.0,0.0,0.0,0.0,0.0,0.0,0.0,0.0,0.0,0.0,0.0,0.0,0.0,0.0,0.0,0.0,0.0,0.0,0.0,0.0,0.0,0.0,0.0,0.0,0.0,0.0,0.0,0.0,0.0,0.0,0.0,0.0,0.0
汇兑收益,0.0,0.0,0.0,0.0,0.0,0.0,0.0,0.0,0.0,0.0,0.0,0.0,0.0,0.0,0.0,0.0,0.0,0.0,0.0,0.0,0.0,0.0,0.0,0.0,0.0,0.0,0.0,0.0,0.0,0.0,0.0,0.0,0.0,0.0,0.0,0.0,0.0,0.0,0.0,0.0,0.0,0.0,0.0,0.0,0.0,0.0,0.0,0.0,0.0,0.0,0.0,0.0,0.0,0.0,0.0
三、营业利润,2816600.0,5304400.0,7327100.0,7814200.0,-43500.0,-2378400.0,-2624400.0,-2606600.0,1475400.0,4399900.0,6623000.0,8020200.0,2101200.0,4798600.0,7927400.0,10135200.0,3007500.0,5623700.0,8420200.0,10096600.0,1862500.0,3350800.0,5940600.0,8792600.0,2310300.0,4369300.0,7471200.0,9645300.0,1932300.0,4483200.0,7120900.0,6548100.0,245800.0,3928400.0,4332600.0,5208100.0,1231400.0,3427800.0,5118200.0,7887600.0,2789600.0,4501500.0,6532200.0,8696500.0,3149000.0,6794000.0,9725700.0,10147400.0,2418300.0,4917800.0,6852400.0,9002500.0,-2830500.0,-2772300.0,3772200.0
加:营业外收入,6200.0,16900.0,30200.0,682800.0,745200.0,3376500.0,4569300.0,5139100.0,15400.0,42400.0,56900.0,127500.0,41600.0,66600.0,108400.0,210800.0,13600.0,110800.0,155100.0,341100.0,17900.0,136200.0,212200.0,457300.0,35000.0,115700.0,184500.0,348100.0,44500.0,137100.0,220700.0,471000.0,87600.0,186500.0,328200.0,694500.0,37100.0,135700.0,227600.0,496400.0,41600.0,83300.0,120600.0,131700.0,37800.0,63000.0,90000.0,207000.0,24300.0,68500.0,105100.0,259800.0,21500.0,68300.0,118000.0
减：营业外支出,17800.0,74900.0,98600.0,205900.0,18300.0,46500.0,71500.0,109900.0,20100.0,65500.0,88200.0,140100.0,17000.0,31700.0,62000.0,128200.0,20900.0,59000.0,92300.0,173900.0,26300.0,58700.0,96400.0,239200.0,44700.0,87800.0,148600.0,295200.0,46800.0,160100.0,218900.0,371000.0,40400.0,93300.0,159500.0,306700.0,47900.0,87500.0,152300.0,396300.0,33200.0,81600.0,170300.0,170900.0,35300.0,70300.0,145500.0,304200.0,41600.0,76700.0,124300.0,260700.0,47100.0,97200.0,187600.0
其中：非流动资产处置损失,0.0,0.0,0.0,0.0,0.0,0.0,0.0,0.0,0.0,0.0,0.0,0.0,0.0,0.0,0.0,0.0,0.0,0.0,0.0,0.0,0.0,0.0,0.0,0.0,0.0,0.0,0.0,0.0,0.0,0.0,0.0,0.0,0.0,0.0,0.0,0.0,0.0,0.0,0.0,0.0,0.0,0.0,0.0,0.0,0.0,0.0,0.0,0.0,0.0,0.0,0.0,0.0,0.0,0.0,0.0
四、利润总额,2805000.0,5246400.0,7258700.0,8291100.0,683400.0,951600.0,1873400.0,2422600.0,1470700.0,4376800.0,6591700.0,8007600.0,2125800.0,4833500.0,7973800.0,10217800.0,3000200.0,5675500.0,8483000.0,10263800.0,1854100.0,3428300.0,6056400.0,9010700.0,2300600.0,4397200.0,7507100.0,9698200.0,1930000.0,4460200.0,7122700.0,6648100.0,293000.0,4021600.0,4501300.0,5595900.0,1220600.0,3476000.0,5193500.0,7987700.0,2798000.0,4503200.0,6482500.0,8657300.0,3151500.0,6786700.0,9670200.0,10050200.0,2401000.0,4909600.0,6833200.0,9001600.0,-2856100.0,-2801200.0,3702600.0
减：所得税费用,779300.0,1610700.0,2211400.0,2575800.0,19000.0,10100.0,267800.0,-188900.0,305000.0,911800.0,1408200.0,1607600.0,465800.0,1102400.0,1914800.0,2533500.0,773800.0,1354300.0,2027200.0,2577400.0,443700.0,933700.0,1675200.0,2369600.0,617500.0,1246800.0,2010200.0,2560500.0,481800.0,1190800.0,1762400.0,1757100.0,95000.0,967400.0,1046400.0,1261300.0,318100.0,837900.0,1186500.0,2070700.0,629700.0,891500.0,1299600.0,1627900.0,699300.0,1458600.0,2092300.0,2021300.0,553900.0,1014000.0,1386800.0,1789400.0,-752900.0,-580200.0,601200.0
五、净利润,2025700.0,3635700.0,5047300.0,5715300.0,664400.0,941500.0,1605600.0,2611500.0,1165700.0,3465000.0,5183500.0,6400000.0,1660000.0,3731100.0,6059000.0,7684300.0,2226400.0,4321200.0,6455800.0,7686400.0,1410400.0,2494600.0,4381200.0,6641100.0,1683100.0,3150400.0,5496900.0,7137700.0,1448200.0,3269400.0,5360300.0,4891000.0,198000.0,3054200.0,3454900.0,4334600.0,902500.0,2638100.0,4007000.0,5917000.0,2168300.0,3611700.0,5182900.0,7029400.0,2452200.0,5328100.0,7577900.0,8028900.0,1847100.0,3895600.0,5446400.0,7212200.0,-2103200.0,-2221000.0,3101400.0
归属于母公司所有者的净利润,1941800.0,3492500.0,4868300.0,5494700.0,670100.0,933900.0,1764200.0,2968900.0,1119000.0,3319000.0,4971400.0,6129000.0,1576800.0,3542900.0,5639700.0,7071300.0,2050100.0,4023900.0,5996000.0,7169700.0,1282900.0,2369700.0,4194600.0,6349600.0,1583400.0,2941700.0,5160000.0,6717900.0,1347700.0,3143000.0,5116900.0,4743000.0,168500.0,2442700.0,2584800.0,3220700.0,618500.0,1925000.0,2916600.0,4641600.0,1663300.0,2709200.0,3837300.0,5111900.0,1877000.0,4160000.0,5998000.0,6308900.0,1476300.0,3133800.0,4328100.0,5759100.0,-1978200.0,-2288200.0,2350700.0
少数股东损益,83900.0,143200.0,179000.0,220600.0,-5700.0,7600.0,-158600.0,-357400.0,46700.0,146000.0,212100.0,271000.0,83200.0,188200.0,419300.0,613000.0,176300.0,297300.0,459800.0,516700.0,127500.0,124900.0,186600.0,291500.0,99700.0,208700.0,336900.0,419800.0,100500.0,126400.0,243400.0,148000.0,29500.0,611500.0,870100.0,1113900.0,284000.0,713100.0,1090400.0,1275400.0,505000.0,902500.0,1345600.0,1917500.0,575200.0,1168100.0,1579900.0,1720000.0,370800.0,761800.0,1118300.0,1453100.0,-125000.0,67200.0,750700.0
基本每股收益(元/股),0.22399999999999998,0.4,0.56,0.63,0.08,0.11,0.203,0.302,0.13,0.38299999999999995,0.573,0.7070000000000001,0.182,0.409,0.65,0.816,0.23600000000000002,0.46399999999999997,0.6920000000000001,0.8270000000000001,0.14800000000000002,0.273,0.483,0.731,0.179,0.254,0.445,0.579,0.11599999999999999,0.26899999999999996,0.43799999999999994,0.406,0.013999999999999999,0.20199999999999999,0.214,0.266,0.051,0.159,0.24100000000000002,0.38299999999999995,0.13699999999999998,0.22399999999999998,0.317,0.42200000000000004,0.155,0.344,0.495,0.521,0.122,0.259,0.35700000000000004,0.47600000000000003,-0.163,-0.18899999999999997,0.19399999999999998
稀释每股收益(元/股),0.22399999999999998,0.4,0.56,0.63,0.05,0.08,0.16399999999999998,0.342,0.13,0.38,0.57,0.7020000000000001,0.179,0.40299999999999997,0.642,0.8079999999999999,0.23399999999999999,0.452,0.672,0.795,0.147,0.263,0.461,0.7040000000000001,0.17800000000000002,0.239,0.41600000000000004,0.5429999999999999,0.115,0.268,0.4370000000000001,0.406,0.013999999999999999,0.20199999999999999,0.214,0.266,0.051,0.159,0.24100000000000002,0.38299999999999995,0.13699999999999998,0.22399999999999998,0.317,0.42200000000000004,0.155,0.344,0.495,0.521,0.122,0.259,0.35700000000000004,0.47600000000000003,-0.163,-0.18899999999999997,0.19399999999999998
七、其他综合收益,0.0,0.0,0.0,0.0,0.0,0.0,0.0,0.0,0.0,59600.0,0.0,68500.0,0.0,-50100.0,0.0,-212300.0,0.0,-15700.0,0.0,-72800.0,0.0,11700.0,0.0,-8900.0,0.0,34300.0,0.0,93200.0,0.0,119000.0,-129900.0,-926600.0,271400.0,135500.0,554200.0,13700.0,142400.0,282000.0,219300.0,633300.0,-90100.0,-111000.0,-319300.0,-437600.0,-148500.0,25800.0,387700.0,-662400.0,375900.0,456800.0,623100.0,558000.0,-736000.0,-241200.0,-339000.0
八、综合收益总额,0.0,0.0,0.0,5715300.0,0.0,0.0,0.0,0.0,0.0,3524600.0,0.0,6468500.0,0.0,3681000.0,0.0,7472000.0,0.0,4305500.0,0.0,7613600.0,0.0,2506300.0,0.0,6632200.0,0.0,3184700.0,0.0,7230900.0,0.0,3388400.0,5230400.0,3964400.0,469400.0,3189700.0,4009100.0,4348300.0,1044900.0,2920100.0,4226300.0,6550300.0,2078200.0,3500700.0,4863600.0,6591800.0,2303700.0,5353900.0,7965600.0,7366500.0,2223000.0,4352400.0,6069500.0,7770200.0,-2839200.0,-2462200.0,2762400.0
归属于母公司所有者的综合收益总额,0.0,0.0,0.0,0.0,0.0,0.0,0.0,0.0,0.0,3377200.0,0.0,6201200.0,0.0,3492800.0,0.0,6870600.0,0.0,4010000.0,0.0,7120700.0,0.0,2378400.0,0.0,6343100.0,0.0,2986100.0,0.0,6835900.0,0.0,3245200.0,4969500.0,3976200.0,482600.0,2623400.0,3096100.0,3148400.0,1046300.0,2423300.0,3335000.0,5346800.0,1590400.0,2645000.0,3605800.0,4763800.0,1799000.0,4160300.0,6272800.0,5547100.0,1902900.0,3591600.0,4884200.0,6300600.0,-2710300.0,-2509500.0,2073900.0
归属于少数股东的综合收益总额,0.0,0.0,0.0,0.0,0.0,0.0,0.0,0.0,0.0,147400.0,0.0,267300.0,0.0,188200.0,0.0,601400.0,0.0,295500.0,0.0,492900.0,0.0,127900.0,0.0,289100.0,0.0,198600.0,0.0,395000.0,0.0,143200.0,260900.0,-11800.0,-13200.0,566300.0,913000.0,1199900.0,-1400.0,496800.0,891300.0,1203500.0,487800.0,855700.0,1257800.0,1828000.0,504700.0,1193600.0,1692800.0,1819400.0,320100.0,760800.0,1185300.0,1469600.0,-128900.0,47300.0,688500.0
