报表日期,2007-03-31,2007-06-30,2007-09-30,2007-12-31,2008-03-31,2008-06-30,2008-09-30,2008-12-31,2009-03-31,2009-06-30,2009-09-30,2009-12-31,2010-03-31,2010-06-30,2010-09-30,2010-12-31,2011-03-31,2011-06-30,2011-09-30,2011-12-31,2012-03-31,2012-06-30,2012-09-30,2012-12-31,2013-03-31,2013-06-30,2013-09-30,2013-12-31,2014-03-31,2014-06-30,2014-09-30,2014-12-31,2015-03-31,2015-06-30,2015-09-30,2015-12-31,2016-03-31,2016-06-30,2016-09-30,2016-12-31,2017-03-31,2017-06-30,2017-09-30,2017-12-31,2018-03-31,2018-06-30,2018-09-30,2018-12-31,2019-03-31,2019-06-30
一、营业总收入,100307.95,216343.2,334729.18,455661.64,116246.43,245462.59,372249.76,495152.44,123082.66,247196.89,377237.69,503794.64,135179.24,265363.79,406323.17,536679.58,147569.11,294468.23,452168.64,638337.53,191978.63,370218.81,560766.67,698932.34,186840.5,381202.21,577466.35,683457.43,104417.83,216132.8,321647.07,428096.1,107829.93,210684.17,308772.96,513839.54,143931.43,284590.95,414824.39,549480.39,152805.35,307589.14,475603.8,642184.68,213780.32,408768.08,630950.87,822508.33,263296.62,486556.2
营业收入,100307.95,216343.2,334729.18,455661.64,116246.43,245462.59,372249.76,495152.44,123082.66,247196.89,377237.69,503794.64,135179.24,265363.79,406323.17,536679.58,147569.11,294468.23,452168.64,638337.53,191978.63,370218.81,560766.67,698932.34,186840.5,381202.21,577466.35,683457.43,104417.83,216132.8,321647.07,428096.1,107829.93,210684.17,308772.96,513839.54,143931.43,284590.95,414824.39,549480.39,152805.35,307589.14,475603.8,642184.68,213780.32,408768.08,630950.87,822508.33,263296.62,486556.2
二、营业总成本,92989.03,197881.02,307090.55,416315.57,103739.94,220222.7,334665.98,452947.02,106768.54,219762.97,336038.3,449878.95,114066.09,232096.51,356869.19,478228.76,125485.85,262212.73,406946.19,574066.52,172820.05,336590.41,509196.34,631040.85,168414.35,341160.07,515230.65,607197.3,86337.05,178634.89,270546.45,364742.42,87667.4,172596.43,260402.55,439778.32,123278.52,234646.03,343608.81,466284.03,123135.42,244545.22,388508.6,542234.82,177711.98,339926.49,533212.45,710840.62,225100.68,411818.06
营业成本,72821.83,153439.68,238705.5,318625.43,79550.03,171224.32,258664.38,341772.5,82711.69,165971.98,253292.47,332759.63,85386.72,171509.39,261934.32,342493.58,91890.56,192574.01,300171.85,432146.78,131907.02,255861.39,384240.39,466145.01,126574.95,256922.64,393295.42,446995.74,54678.69,112037.78,165370.16,220598.22,51121.33,103411.74,155276.23,247312.28,72929.78,136934.41,196396.43,257649.53,68816.64,135382.32,204364.21,273374.23,76181.81,144375.48,222780.67,301442.61,94700.67,173305.4
营业税金及附加,556.96,1288.97,1968.96,2809.46,763.9,1452.27,2299.01,3246.65,736.49,1584.03,2596.86,3466.96,1073.61,1915.32,2996.9,3940.18,1099.83,2141.99,3145.83,4605.18,1536.42,2768.32,4190.09,5389.53,1383.58,2908.01,4451.77,5562.61,1196.89,2559.53,3800.83,5033.15,1405.67,2642.9,3801.89,7151.2,2095.89,3976.61,5602.92,9326.88,2320.09,5246.16,7930.6,11037.83,3840.58,7325.92,10947.72,14711.91,4174.15,7248.36
销售费用,14546.68,29083.34,44564.39,66069.42,16563.9,32861.09,51670.8,74856.35,16464.36,36681.23,57776.91,83687.16,20514.16,42445.49,68437.62,97400.41,24455.47,49441.12,76463.16,100452.35,24827.02,52117.31,81630.34,112240.41,28401.14,55900.19,79787.71,104359.45,18854.06,41957.08,66641.73,93236.32,22057.39,43744.85,66330.55,122562.2,31878.55,61316.96,91127.07,131771.55,34685.47,73362.75,126581.18,187783.71,79879.72,155293.0,249900.35,319375.41,103137.18,186454.88
管理费用,4637.17,10594.61,16537.85,22467.66,6470.14,13806.29,20676.03,29088.35,6585.84,15253.65,22272.15,29232.18,7277.3,14758.8,21877.84,32189.52,7776.64,16848.2,25086.27,36465.4,9557.44,20093.52,32823.78,43786.59,10110.76,22614.53,33319.34,46750.26,10509.17,21628.83,34425.47,47179.39,12578.29,22463.85,34739.3,62282.02,15226.13,30851.14,49115.96,64981.66,16206.52,29502.6,48539.7,67309.07,16489.74,27462.16,40610.97,59248.89,17826.72,36137.01
财务费用,354.3,575.12,852.43,1143.38,356.55,399.31,635.45,1279.55,249.92,184.92,136.91,-139.16,-234.87,118.86,299.34,-199.46,271.47,457.35,673.0,163.77,934.37,1633.02,1690.87,197.59,593.87,941.93,1198.16,1241.53,180.1,-611.5,-1058.76,-1833.52,-514.08,-1016.34,-1493.15,-2063.67,-7.96,-284.03,-550.06,-726.02,-247.24,-306.45,-670.91,-959.63,-235.25,-708.79,-661.05,-357.27,187.74,243.1
资产减值损失,72.08,2899.31,4461.42,5200.21,35.42,479.41,720.32,2703.62,20.25,87.16,-37.0,872.18,49.17,1348.65,1323.17,2404.53,-8.11,750.06,1406.08,233.05,4057.78,4116.84,4620.86,3281.72,1350.05,1872.75,3178.25,2287.71,918.14,1063.18,1367.02,528.86,1018.8,1349.44,1747.74,2534.28,1156.13,1850.95,1916.49,3280.44,1353.95,1357.83,1763.82,3689.61,1555.39,225.56,488.4,1567.66,134.25,0.0
公允价值变动收益,0.0,0.0,0.0,0.0,0.0,0.0,0.0,0.0,0.0,0.0,0.0,0.0,0.0,0.0,0.0,0.0,0.0,0.0,0.0,0.0,0.0,0.0,0.0,0.0,0.0,0.0,0.0,0.0,0.0,0.0,0.0,0.0,0.0,0.0,0.0,0.0,0.0,0.0,0.0,0.0,0.0,0.0,0.0,0.0,0.0,187.29,625.0,868.33,790.9,1495.4
投资收益,0.0,14.31,26.22,30.42,0.0,62.03,89.89,2997.64,0.43,41.49,79.09,304.37,78.13,87.76,154.05,818.01,92.95,302.89,481.72,1251.35,5241.89,5310.72,5321.45,5235.67,0.0,0.0,0.0,27128.88,0.0,2.06,80.84,486.38,257.67,1314.38,1927.55,2371.8,282.27,624.57,798.04,1124.13,81.59,374.57,845.79,1606.76,662.67,1169.32,1512.68,2270.03,313.34,735.04
其中:对联营企业和合营企业的投资收益,0.0,0.0,0.0,0.0,0.0,0.0,0.0,27.87,0.0,41.06,78.67,131.84,78.13,87.54,153.83,193.94,92.95,197.99,0.0,481.23,5241.89,0.0,3.16,0.0,0.0,0.0,0.0,0.0,0.0,0.0,0.0,0.0,0.0,0.0,0.0,0.0,0.0,0.0,0.0,0.0,0.0,0.0,0.0,0.0,0.0,40.57,5.35,-2.49,-5.06,4.72
汇兑收益,0.0,0.0,0.0,0.0,0.0,0.0,0.0,0.0,0.0,0.0,0.0,0.0,0.0,0.0,0.0,0.0,0.0,0.0,0.0,0.0,0.0,0.0,0.0,0.0,0.0,0.0,0.0,0.0,0.0,0.0,0.0,0.0,0.0,0.0,0.0,0.0,0.0,0.0,0.0,0.0,0.0,0.0,0.0,0.0,0.0,0.0,0.0,0.0,0.0,0.0
三、营业利润,7318.92,18476.49,27664.85,39376.49,12506.49,25301.92,37673.67,45203.06,16314.54,27475.41,41278.49,54220.07,21191.29,33355.04,49608.03,59268.82,22176.2,32558.39,45704.17,65522.35,24400.48,38939.12,56891.78,73127.15,18426.15,40042.14,62235.7,103389.01,18080.78,37499.97,51181.46,63840.06,20420.21,39402.12,50297.96,76433.02,20935.19,50569.49,72013.62,84320.49,29751.51,65402.35,91392.56,106035.77,37034.94,71652.65,102149.54,118931.22,40238.93,76156.66
加:营业外收入,692.85,1464.8,1471.33,21257.39,2003.85,2348.32,3597.48,4115.98,1355.72,1951.43,2041.84,2854.1,79.38,1109.88,1630.92,4084.39,1238.64,3809.59,3912.59,7064.84,1930.92,2207.0,2458.79,4989.35,1604.62,2489.89,3171.88,4643.08,1099.38,1686.35,2245.91,3705.59,1233.97,1611.81,2703.79,5563.3,1972.76,3409.64,4057.68,7497.65,586.9,281.96,444.44,293.85,65.68,190.45,523.95,496.3,50.12,101.16
减：营业外支出,62.84,141.49,315.54,3165.44,252.05,775.8,1854.51,2253.56,206.66,428.39,665.53,929.9,528.17,701.35,868.59,1663.01,130.52,285.35,505.96,2288.02,123.78,538.57,730.2,1840.72,129.2,474.2,987.82,1354.25,254.59,522.38,905.07,1707.84,203.58,448.45,750.91,1320.08,235.86,452.38,864.07,1138.79,137.23,625.19,1287.43,937.78,70.99,170.38,367.9,1016.61,203.43,255.79
其中：非流动资产处置损失,-19.08,47.41,31.6,0.0,6.88,-3.82,14.7,0.0,1.0,164.92,277.84,363.91,420.21,431.71,493.49,718.54,11.61,25.35,138.87,1475.73,49.56,126.26,151.55,155.95,2.26,6.42,6.81,46.08,4.09,129.17,392.63,747.59,178.51,341.54,430.36,703.57,132.45,283.88,491.72,572.35,42.25,284.9,633.34,0.0,0.0,0.0,0.0,0.0,0.0,0.0
四、利润总额,7948.94,19799.8,28820.63,57468.44,14258.29,26874.44,39416.64,47065.48,17463.6,28998.46,42654.8,56144.26,20742.5,33763.56,50370.36,61690.2,23284.32,36082.64,49110.8,70299.17,26207.61,40607.54,58620.38,76275.79,19901.57,42057.83,64419.75,106677.84,18925.56,38663.94,52522.31,65837.81,21450.59,40565.48,52250.84,80676.23,22672.09,53526.75,75207.24,90679.36,30201.19,65059.12,90549.57,105391.84,37029.63,71672.72,102305.59,118410.92,40085.62,76002.04
减：所得税费用,1791.33,4498.89,6302.97,11707.72,3100.8,7235.6,10604.26,7419.93,3147.95,5151.45,7546.33,9799.1,3147.93,4595.04,7309.57,8390.66,4159.36,6229.96,8345.28,15047.43,4320.75,6947.04,10870.01,13221.07,3832.67,7944.05,11789.01,19333.35,3878.03,7042.74,9434.31,11471.33,4876.06,7335.38,9244.17,14194.07,4176.25,9028.76,13231.6,16754.64,5793.64,10943.66,14959.18,17181.84,5738.49,11417.26,15943.32,19465.66,6831.93,11377.37
五、净利润,6157.6,15300.91,22517.67,45760.72,11157.49,19638.84,28812.38,39645.54,14315.66,23847.01,35108.47,46345.17,17594.58,29168.52,43060.79,53299.54,19124.96,29852.68,40765.52,55251.74,21886.86,33660.5,47750.37,63054.72,16068.91,34113.77,52630.74,87344.49,15047.54,31621.2,43088.0,54366.48,16574.53,33230.1,43006.67,66482.16,18495.84,44497.99,61975.64,73924.72,24407.55,54115.46,75590.39,88210.0,31291.14,60255.47,86362.28,98945.25,33253.69,64624.67
归属于母公司所有者的净利润,6018.1,14774.65,21706.94,43758.08,10813.6,19134.26,28332.23,38057.25,14604.95,24016.71,35215.09,45145.66,17485.69,28981.28,42748.1,52009.47,19143.76,29614.66,40364.01,52899.86,22004.08,33734.2,47754.23,61440.82,16189.93,34081.29,52412.32,87069.02,15018.45,31531.85,42962.15,54190.79,16542.07,33180.73,42978.75,66106.35,18239.58,43352.26,60151.55,71421.09,23484.09,52080.81,72487.54,84261.25,30044.51,58321.6,84395.6,96859.34,32914.37,63843.47
少数股东损益,139.51,526.26,810.72,2002.64,343.89,504.58,480.15,1588.3,-289.29,-169.7,-106.61,1199.51,108.89,187.24,312.69,1290.08,-18.8,238.02,401.51,2351.88,-117.22,-73.7,-3.86,1613.9,-121.02,32.49,218.42,275.46,29.09,89.34,125.85,175.7,32.47,49.37,27.92,375.81,256.26,1145.73,1824.09,2503.63,923.46,2034.66,3102.86,3948.75,1246.64,1933.87,1966.68,2085.92,339.32,781.2
基本每股收益(元/股),0.1364,0.335,0.4921,0.9921,0.2452,0.4222,0.615,0.8191,0.3066,0.4201,0.616,0.7897,0.3059,0.5069,0.7477,0.9097,0.3349,0.518,0.706,0.9253,0.3849,0.5901,0.8353,1.0747,0.2832,0.5961,0.9168,1.523,0.2627,0.5515,0.7515,0.9479,0.2894,0.5804,0.7518,0.9125,0.2518,0.5984,0.8303,0.9858,0.3242,0.5991,0.8338,0.9692,0.3456,0.5589999999999999,0.809,0.9284,0.3155,0.612
稀释每股收益(元/股),0.1364,0.335,0.4921,0.9921,0.2452,0.4222,0.615,0.8191,0.3066,0.4201,0.616,0.7897,0.3059,0.5069,0.7477,0.9097,0.3349,0.518,0.706,0.9253,0.3849,0.5901,0.8353,1.0747,0.2832,0.5961,0.9168,1.523,0.2627,0.5515,0.7515,0.9479,0.2894,0.5804,0.7518,0.9125,0.2518,0.5984,0.8303,0.9858,0.3242,0.5991,0.8338,0.9692,0.3456,0.5589999999999999,0.809,0.9284,0.3155,0.612
七、其他综合收益,0.0,0.0,0.0,0.0,0.0,0.0,0.0,0.0,0.0,0.0,0.0,91.68,0.0,0.0,0.0,0.0,0.0,0.0,0.0,0.0,0.0,0.0,0.0,0.0,0.0,0.0,0.0,0.0,0.0,0.0,0.0,0.0,419.95,107.89,194.92,103.32,-16.85,-93.7,-91.83,-62.97,55.38,173.21,154.62,-31.3,-0.24,0.51,1.14,-380.9,-0.08,0.2
八、综合收益总额,0.0,0.0,0.0,0.0,0.0,0.0,0.0,0.0,0.0,23847.01,0.0,46436.85,0.0,29168.52,43060.79,53299.54,0.0,29852.68,40765.52,55251.74,21886.86,33660.5,47750.37,63054.72,16068.91,34113.77,52630.74,87344.49,15047.54,31621.2,43088.0,54366.48,16994.48,33337.99,43201.59,66585.49,18478.99,44404.29,61883.81,73861.75,24462.93,54288.68,75745.01,88178.7,31290.91,60255.98,86363.42,98564.36,33253.61,64624.87
归属于母公司所有者的综合收益总额,0.0,0.0,0.0,0.0,0.0,0.0,0.0,0.0,0.0,24016.71,0.0,45237.34,0.0,28981.28,42748.1,52009.47,0.0,29614.66,40364.01,52899.86,22004.08,33734.2,47754.23,61440.82,16189.93,34081.29,52412.32,87069.02,15018.45,31531.85,42962.15,54190.79,16962.01,33288.61,43173.67,66209.67,18222.73,43258.55,60059.72,71358.12,23539.48,52254.02,72642.15,84229.95,30044.27,58322.11,84396.74,96533.26,32914.3,63843.67
归属于少数股东的综合收益总额,0.0,0.0,0.0,0.0,0.0,0.0,0.0,0.0,0.0,-169.7,0.0,1199.51,0.0,187.24,312.69,1290.08,0.0,238.02,401.51,2351.88,-117.22,-73.7,-3.86,1613.9,-121.02,32.49,218.42,275.46,29.09,89.34,125.85,175.7,32.47,49.37,27.92,375.81,256.26,1145.73,1824.09,2503.63,923.46,2034.66,3102.86,3948.75,1246.64,1933.87,1966.68,2031.1,339.32,781.2
