报表日期,2007-03-31,2007-06-30,2007-09-30,2007-12-31,2008-03-31,2008-06-30,2008-09-30,2008-12-31,2009-03-31,2009-06-30,2009-09-30,2009-12-31,2010-03-31,2010-06-30,2010-09-30,2010-12-31,2011-03-31,2011-06-30,2011-09-30,2011-12-31,2012-03-31,2012-06-30,2012-09-30,2012-12-31,2013-03-31,2013-06-30,2013-09-30,2013-12-31,2014-03-31,2014-06-30,2014-09-30,2014-12-31,2015-03-31,2015-06-30,2015-09-30,2015-12-31,2016-03-31,2016-06-30,2016-09-30,2016-12-31,2017-03-31,2017-06-30,2017-09-30,2017-12-31,2018-03-31,2018-06-30,2018-09-30,2018-12-31,2019-03-31,2019-06-30
一、营业总收入,61133.01,209883.2,390910.27,811523.49,115877.9,538133.06,669318.61,1551990.11,214054.65,829092.34,1145108.37,2298660.76,405497.15,1124474.73,1728692.48,3589411.76,360694.43,1519103.74,2181402.36,4703622.22,491974.38,2018292.3,3130709.12,6890575.67,743915.58,3054423.67,4426859.97,9235552.42,923467.38,3399931.58,5221471.84,10905649.71,1330724.79,4234496.18,6339984.06,12342878.42,1887399.41,5515022.93,8715139.69,15477327.57,1791245.79,5447094.29,7555783.38,14634181.61,2013433.21,5953572.5,9495164.85,19455549.14,2258485.57,7114081.95
营业收入,61133.01,209883.2,390910.27,811523.49,115877.9,538133.06,669318.61,1551990.11,214054.65,829092.34,1145108.37,2298660.76,405497.15,1124474.73,1728692.48,3589411.76,360694.43,1519103.74,2181402.36,4703622.22,491974.38,2018292.3,3130709.12,6890575.67,743915.58,3054423.67,4426859.97,9235552.42,923467.38,3399931.58,5221471.84,10905649.71,1330724.79,4234496.18,6339984.06,12342878.42,1887399.41,5514660.73,8714149.01,15475213.81,1790374.93,5445862.04,7554048.15,14630623.52,2012523.7,5951391.94,9492053.84,19451384.25,2257784.69,7112140.43
二、营业总成本,52723.3,167864.43,309869.04,626988.02,95781.48,382628.63,468645.4,1177903.01,163640.57,628469.98,899303.27,1776774.5,324065.12,885078.56,1395327.84,2851165.82,265681.41,1125010.13,1689590.41,3705394.29,392966.65,1588413.28,2521370.13,5592355.14,640532.08,2563922.35,3746077.83,7698375.25,831324.45,2860699.78,4398202.42,9122875.65,1095029.86,3468584.24,5267859.19,10169693.46,1535220.22,4573761.96,7401892.32,13292063.07,1432773.17,4500793.14,6252023.04,12249801.98,1661284.02,4790795.04,7898639.54,16184545.53,1832716.62,5499133.6
营业成本,38342.23,126345.2,236548.4,499109.91,66097.54,285725.34,339720.8,918823.09,122259.35,516777.83,736426.46,1452405.52,264052.73,736535.44,1168125.54,2364548.36,179641.67,873302.42,1310920.11,2953680.26,257871.71,1225683.96,1926554.6,4397208.18,478960.51,2059315.73,2977978.69,6265521.52,608289.14,2251321.15,3465344.09,7412257.33,767150.1,2697191.28,4115150.05,8245330.57,1125181.61,3716646.98,6088992.96,10988068.02,1104319.18,3768741.7,5120931.23,10087241.63,1211675.04,3845413.41,6389490.4,13133879.83,1358855.67,4284726.26
营业税金及附加,6295.42,21917.61,43148.36,83949.26,12993.44,60098.7,75921.42,154595.99,23224.13,80304.56,108151.82,253642.77,40816.12,102237.51,151203.82,358421.08,52755.34,177246.53,252577.08,507337.82,71320.59,225409.06,361108.17,812026.7,69267.93,303704.62,436109.91,952212.77,108886.8,352178.24,530202.73,1114773.86,180580.67,480966.23,668864.11,1215691.03,225446.35,494561.36,757948.04,1503504.51,157333.7,395853.77,569582.86,1245667.01,208071.68,457518.26,738548.14,1612236.79,155389.26,600942.86
销售费用,3638.84,10271.61,16895.37,25559.55,8603.7,19999.91,29846.12,46240.29,9291.75,22762.78,37714.26,59078.15,12225.54,28263.67,46304.42,80283.69,18421.41,42352.5,73398.42,125253.27,25753.92,56192.44,97048.28,164561.09,32381.3,69798.82,122708.88,218517.64,43148.44,103510.47,167277.87,240192.49,49921.65,103798.59,174186.69,273115.08,68569.63,134569.2,235962.95,354487.81,53962.48,132754.51,230773.67,386621.37,63217.15,148344.84,290307.32,591220.73,97736.09,198052.62
管理费用,5099.82,9511.52,14302.33,20820.61,9285.8,18400.36,25211.98,31120.75,9207.19,18226.47,27959.87,45671.72,10562.85,22004.09,33699.52,57253.9,15822.02,32378.77,52014.48,75033.47,28698.35,53937.36,83448.98,122270.41,38562.72,77758.37,114987.95,157581.86,46021.1,87452.97,127352.21,172275.74,52299.3,92777.72,134926.88,187151.65,60897.61,114408.1,171160.81,226651.18,62669.59,122174.3,196112.5,284483.8,81353.41,154599.19,229305.84,349544.76,100233.44,180264.22
财务费用,-41.46,-111.17,-893.64,-3193.38,-1054.01,-1591.58,-1985.42,-3321.64,-722.26,-509.61,-2186.34,-6617.29,-2112.05,-3428.52,-2838.02,-10241.63,-849.76,-1184.91,-622.32,39027.41,8952.22,25916.81,49973.57,89209.34,23921.32,55786.65,97112.15,98553.2,26532.11,66093.05,109569.1,127122.41,46278.81,95845.3,178394.37,232779.57,58077.37,116920.59,151487.85,223392.5,51907.29,75629.63,134635.56,239176.26,94090.78,179158.36,252639.62,258465.03,115656.46,233068.81
资产减值损失,-611.56,-70.35,-131.79,742.07,-144.98,-4.1,-69.49,30444.54,380.41,-9092.05,-8762.79,-27406.36,-1480.07,-533.63,-1167.45,900.42,-109.28,914.82,1302.65,5062.07,369.85,1273.65,3236.52,7079.42,-2561.69,-2441.83,-2819.75,5988.26,-1553.14,143.9,-1543.58,56253.82,-1200.68,-1994.87,-3662.9,15625.55,-2952.35,-3344.28,-3660.29,-4040.95,2580.93,5639.23,-12.79,6611.92,2875.96,5760.98,-1651.77,235103.89,4845.7,0.0
公允价值变动收益,51.32,53.22,113.76,103.05,-41.03,-87.03,-101.67,-115.26,23.0,78.41,-19.3,-19.3,0.0,0.0,0.0,0.0,0.0,0.0,0.0,0.0,0.0,0.0,0.0,0.0,0.0,0.0,0.0,0.0,0.0,0.0,0.0,0.0,0.0,0.0,0.0,0.0,0.0,0.0,0.0,2365.22,3354.5,1646.17,688.93,-58.65,-30.16,305.15,305.15,19042.45,25223.52,23710.05
投资收益,4030.0,8068.76,13099.74,20746.15,3949.4,9391.4,9392.97,9708.97,0.0,21.36,141.47,163.29,78.47,5193.16,5219.19,4200.21,-853.32,-331.44,-1036.77,-1818.82,-278.2,19868.48,20147.9,41136.9,133.74,16720.75,20141.8,63505.26,32706.49,45047.81,80290.48,115279.36,4782.58,34821.26,40875.85,99255.88,11202.11,39850.07,72662.69,124692.12,4108.3,56214.26,91250.03,168042.61,23835.18,93698.76,201603.74,268974.85,-5199.17,88135.65
其中:对联营企业和合营企业的投资收益,0.0,0.0,0.0,0.0,0.0,0.0,0.0,0.0,0.0,0.0,0.0,0.0,0.0,0.0,-299.7,-1501.01,-853.32,-477.72,-1236.04,-2018.09,-278.2,19618.09,19897.51,40021.08,133.74,16390.63,19811.67,63175.14,16870.4,28774.35,34017.02,69005.91,4553.37,33101.55,39040.0,99118.14,11202.01,39368.19,72148.06,121813.35,4080.21,50520.01,85555.78,156392.54,5295.97,33891.73,92886.84,190190.42,-10930.43,73729.19
汇兑收益,0.0,0.0,0.0,0.0,0.0,0.0,0.0,0.0,-6.52,0.0,0.0,0.0,0.0,0.0,0.0,0.0,0.0,0.0,0.0,0.0,0.0,0.0,0.0,0.0,0.0,0.0,0.0,0.0,0.0,0.0,0.0,0.0,0.0,0.0,0.0,0.0,0.0,0.0,0.0,0.0,0.0,0.0,0.0,0.0,0.0,0.0,0.0,0.0,0.0,0.0
三、营业利润,12491.04,50140.76,94254.74,205384.67,24004.78,164808.8,209964.5,383680.8,50430.55,200722.12,245927.27,522030.24,81510.5,244589.33,338583.83,742446.15,94159.7,393762.16,490775.18,996409.1,98729.53,449747.51,629486.88,1339357.43,103517.24,507222.07,700923.94,1600682.43,124849.41,584279.61,903559.9,1898053.42,240477.51,800733.2,1113000.72,2272440.83,363381.3,981111.04,1385910.06,2312321.83,365935.42,1004308.61,1395846.32,2552691.97,375972.35,1256675.92,1798311.19,3559263.58,445807.57,1707984.3
加:营业外收入,36.88,61.36,122.09,35575.2,18179.96,18243.81,18323.39,19685.35,228.56,766.39,17544.21,19473.78,377.21,904.36,1612.14,3020.68,2027.74,3594.15,5431.05,15407.05,1941.98,3658.9,11878.29,18944.45,1686.26,4667.8,7101.26,18228.4,2992.35,4893.0,11310.03,16668.33,4637.62,9210.28,15475.8,25903.79,4962.59,12335.91,19057.31,31056.22,3690.07,19069.9,26713.06,32518.22,5152.12,17932.17,26190.67,36617.7,7108.79,15508.41
减：营业外支出,62.23,65.42,279.78,650.86,24.92,88.11,494.77,1037.67,309.32,282.76,1756.08,3599.28,1212.97,2211.96,4349.37,5009.36,745.84,1695.16,2202.05,4406.95,761.94,1682.93,3255.2,5089.19,925.35,2435.97,3350.01,8741.18,1698.96,7111.97,8288.21,11539.43,1274.01,2485.46,5033.95,8268.71,1430.4,4910.34,6487.58,12321.33,1964.21,5120.83,9613.49,15265.26,3063.83,5128.47,9026.74,17851.28,2128.28,7221.87
其中：非流动资产处置损失,0.0,0.0,0.21,0.0,0.0,0.0,0.0,4.42,0.0,0.0,0.0,3.54,0.0,0.0,0.0,9.76,0.4,452.78,456.83,459.35,5.49,11.01,11.8,10.08,7.27,14.54,122.08,15.83,0.78,12.38,33.14,119.22,16.12,19.13,32.21,40.51,3.58,19.31,42.83,96.51,7.45,396.33,414.9,0.0,0.0,0.0,0.0,0.0,0.0,0.0
四、利润总额,12465.69,50136.7,94097.06,240309.01,42159.82,182964.5,227793.12,402328.48,50349.79,201205.75,261715.4,537904.75,80674.74,243281.74,335846.6,740457.46,95441.6,395661.16,494004.17,1007409.21,99909.57,451723.48,638109.98,1353212.7,104278.15,509453.9,704675.19,1610169.65,126142.81,582060.64,906581.72,1903182.31,243841.12,807458.01,1123442.57,2290075.91,366913.5,988536.61,1398479.8,2331056.73,367661.28,1018257.68,1412945.9,2569944.93,378060.63,1269479.62,1815475.12,3578030.01,450788.08,1716270.84
减：所得税费用,5107.58,20301.94,35671.11,77482.0,12176.61,39455.75,51498.6,97961.32,14674.33,52302.35,68631.43,137132.02,23402.51,60942.5,86948.98,189929.65,28201.77,108848.46,136799.91,270689.16,32936.71,126275.11,174201.29,355352.87,35927.13,141366.9,190760.09,423723.42,38277.95,163008.0,241805.2,480046.17,85555.07,217378.97,317856.26,607304.13,117642.32,290082.39,386948.63,623751.76,115533.64,302048.98,397439.98,602224.97,93448.67,338363.7,466426.46,963116.35,116444.24,419851.37
五、净利润,7358.11,29834.76,58425.95,162827.01,29983.22,143508.75,176294.53,304367.17,35675.46,148903.4,193083.97,400772.72,57272.23,182339.23,248897.62,550527.81,67239.83,286812.7,357204.26,736720.05,66972.86,325448.37,463908.69,997859.83,68351.02,368087.0,513915.09,1186446.23,87864.86,419052.64,664776.52,1423136.13,158286.06,590079.04,805586.31,1682771.79,249271.17,698454.22,1011531.17,1707304.97,252127.64,716208.7,1015505.91,1967719.97,284611.96,931115.92,1349048.66,2614913.66,334343.84,1296419.47
归属于母公司所有者的净利润,7814.13,27782.79,56227.52,148908.8,27604.33,103401.19,126726.9,223886.14,32967.51,139605.59,178662.84,351922.65,54812.97,162726.13,229072.31,491998.4,70161.39,279461.2,346654.21,653094.6,53656.14,251054.8,382052.45,843823.36,73567.59,340683.61,461189.67,1074716.16,81511.36,382225.7,607951.24,1220031.51,129300.82,494964.92,646972.86,1234757.9,136337.28,496022.83,710993.57,1242155.11,189144.18,565055.53,826923.88,1562588.62,189636.95,650544.33,959562.93,1890371.53,232008.21,995521.27
少数股东损益,-456.03,2051.97,2198.43,13918.21,2378.88,40107.55,49567.62,80481.03,2707.96,9297.81,14421.13,48850.07,2459.26,19613.1,19825.31,58529.41,-2921.56,7351.5,10550.05,83625.45,13316.72,74393.56,81856.24,154036.47,-5216.57,27403.38,52725.42,111730.08,6353.5,36826.94,56825.28,203104.62,28985.24,95114.12,158613.45,448013.88,112933.89,202431.39,300537.61,465149.87,62983.46,151153.17,188582.04,405131.35,94975.02,280571.59,389485.73,724542.13,102335.62,300898.2
基本每股收益(元/股),0.07,0.25,0.5,1.3,0.11,0.42,0.52,0.91,0.13,0.44,0.55,1.06,0.16,0.36,0.5,1.08,0.15,0.47,0.58,1.1,0.09,0.3517,0.54,1.18,0.1,0.48,0.65,1.51,0.11,0.36,0.57,1.14,0.12,0.46,0.6,1.15,0.13,0.46,0.64,1.1,0.16,0.48,0.7,1.32,0.16,0.55,0.81,1.59,0.2,0.84
稀释每股收益(元/股),0.07,0.25,0.5,1.3,0.11,0.42,0.52,0.91,0.13,0.44,0.55,1.06,0.16,0.36,0.5,1.08,0.15,0.47,0.58,1.1,0.09,0.3517,0.54,1.18,0.1,0.48,0.65,1.51,0.11,0.36,0.57,1.14,0.12,0.46,0.6,1.15,0.13,0.46,0.64,1.1,0.16,0.48,0.7,1.32,0.16,0.55,0.81,1.59,0.2,0.84
七、其他综合收益,0.0,0.0,0.0,0.0,0.0,0.0,0.0,0.0,0.0,0.0,0.0,-1945.52,0.0,-203.54,-204.43,-3229.25,0.0,1054.87,960.2,174.26,2.05,-108.08,-169.25,1.65,-7.74,-6.3,0.55,-144.94,0.0,7.22,7.22,-4.3,0.0,6.0,5.61,1978.46,-724.39,8524.35,19273.38,-1303.52,10924.0,20514.64,26255.27,25972.47,-867.55,-3580.57,-10947.26,-10461.31,-12557.43,-12711.53
八、综合收益总额,0.0,0.0,0.0,0.0,0.0,0.0,0.0,0.0,0.0,0.0,0.0,398827.2,57272.23,182135.69,248693.19,547298.56,67239.83,287867.57,358164.46,736894.31,66974.91,325340.29,463739.44,997861.47,68343.29,368080.69,513915.65,1186301.3,87864.86,419059.86,664783.74,1423131.83,158286.06,590085.04,805591.92,1684750.25,248546.78,706978.56,1030804.55,1706001.46,263051.64,736723.34,1041761.18,1993692.43,283744.42,927535.34,1338101.4,2604452.35,321786.4,1283707.94
归属于母公司所有者的综合收益总额,0.0,0.0,0.0,0.0,0.0,0.0,0.0,0.0,0.0,0.0,0.0,351891.61,54812.97,162523.39,229070.61,491963.86,70161.39,280540.76,348184.3,653268.86,53656.14,250946.72,381883.2,843825.0,73559.86,340677.31,461190.22,1074571.22,81511.36,382232.92,607958.46,1220027.21,129300.82,494970.92,646978.47,1236688.04,135612.89,504523.35,730356.72,1240851.59,200068.19,585570.17,853179.15,1588561.09,188769.4,646963.76,948615.67,1879910.22,219450.78,982809.74
归属于少数股东的综合收益总额,0.0,0.0,0.0,0.0,0.0,0.0,0.0,0.0,0.0,0.0,0.0,46935.59,2459.26,19612.29,19622.57,55334.7,-2921.56,7326.81,9980.16,83625.45,13316.72,74393.56,81856.24,154036.47,-5216.57,27403.38,52725.42,111730.08,6353.5,36826.94,56825.28,203104.62,28985.24,95114.12,158613.45,448062.21,112933.89,202455.22,300447.83,465149.87,62983.46,151153.17,188582.04,405131.35,94975.02,280571.59,389485.73,724542.13,102335.62,300898.2
