报表日期,2007-03-31,2007-06-30,2007-09-30,2007-12-31,2008-03-31,2008-06-30,2008-09-30,2008-12-31,2009-03-31,2009-06-30,2009-09-30,2009-12-31,2010-03-31,2010-06-30,2010-09-30,2010-12-31,2011-03-31,2011-06-30,2011-09-30,2011-12-31,2012-03-31,2012-06-30,2012-09-30,2012-12-31,2013-03-31,2013-06-30,2013-09-30,2013-12-31,2014-03-31,2014-06-30,2014-09-30,2014-12-31,2015-03-31,2015-06-30,2015-09-30,2015-12-31,2016-03-31,2016-06-30,2016-09-30,2016-12-31,2017-03-31,2017-06-30,2017-09-30,2017-12-31,2018-03-31,2018-06-30,2018-09-30,2018-12-31,2019-03-31,2019-06-30,2019-09-30,2019-12-31,2020-03-31,2020-06-30,2020-09-30
一、营业总收入,46125.2,101034.78,152762.46,220882.56,80649.61,203981.92,313518.37,376102.93,73821.78,175591.08,297676.55,418374.08,118839.86,235669.41,356125.5,455826.52,119624.54,252351.73,358792.46,482596.84,142115.64,271702.04,398938.55,526400.61,128300.97,261757.4,379890.41,493292.02,123659.68,254431.3,370888.04,483229.18,104873.16,214564.01,338123.3,449666.24,130892.22,264250.66,397313.3,527920.4,118901.19,248522.11,391830.3,569258.04,192240.02,339256.03,510473.75,685874.16,171862.04,358565.14,531945.43,704392.76,160013.9,352849.68,542955.24
营业收入,46125.2,101034.78,152762.46,220882.56,80649.61,203981.92,313518.37,376102.93,73821.78,175591.08,297676.55,418374.08,118839.86,235669.41,356125.5,455826.52,119624.54,252351.73,358792.46,482596.84,142115.64,271702.04,398938.55,526400.61,128300.97,261757.4,379890.41,493292.02,123659.68,254431.3,370888.04,483229.18,104873.16,214564.01,338123.3,449666.24,130892.22,264250.66,397313.3,527920.4,118901.19,248522.11,391830.3,569258.04,192240.02,339256.03,510473.75,685874.16,171862.04,358565.14,531945.43,704392.76,160013.9,352849.68,542955.24
二、营业总成本,46197.89,100488.03,152016.35,217345.42,72017.3,149333.31,221589.64,264260.38,62359.84,138938.66,210914.13,274099.28,83518.64,166686.97,252922.12,320959.54,89144.32,182316.43,263672.93,364267.4,109000.12,207770.56,314597.35,426125.19,106945.44,220126.51,330849.58,438449.43,112707.25,228112.42,335633.92,456059.83,113921.65,221426.92,337338.88,455187.16,124474.5,240475.28,349492.13,473012.12,116170.31,238604.44,382117.02,544564.61,139545.75,286560.46,452668.59,642153.82,163969.58,328460.77,493852.75,666634.75,149374.75,308071.54,477759.81
营业成本,40396.81,88491.26,133193.61,186384.36,55818.19,116965.58,170173.1,208482.96,49361.06,117709.89,180685.05,229202.41,73037.64,138521.72,211526.46,267265.2,77799.78,159432.92,227831.28,301649.09,97510.63,181035.34,270889.27,361824.13,91741.61,186466.57,278855.85,368382.28,97924.67,195800.03,284281.06,379340.49,93543.27,179669.58,282590.19,374359.45,105492.55,197653.09,288331.45,378169.2,93571.47,189834.49,295074.08,400413.61,79791.63,172659.7,286325.25,398260.5,105204.88,214625.62,317731.29,417313.32,105109.31,211549.14,314417.83
营业税金及附加,280.21,322.74,752.41,919.99,256.96,900.27,1672.44,2479.5,947.24,1588.16,2392.57,3607.92,895.07,2035.84,2995.9,4108.25,459.57,1272.27,2259.21,2916.92,797.35,1551.4,2252.17,2881.2,524.81,1546.05,2625.66,3048.71,753.04,1377.61,1708.39,2596.93,678.26,876.6,1238.03,1834.22,673.24,1235.1,1787.86,3697.78,672.23,2760.71,3939.62,5594.91,2350.95,3480.58,5319.89,6968.5,1919.38,3632.35,5524.94,6995.07,1505.36,3350.1,5345.96
销售费用,874.32,3026.82,4917.42,8012.68,5736.26,11484.29,22113.54,16075.67,5893.88,9641.82,13563.43,15854.56,3499.17,11158.3,19717.39,20546.51,5074.47,9794.75,14169.06,20012.34,4529.89,10271.09,15256.99,21452.52,4223.99,9922.7,14427.01,20399.33,4531.78,10257.14,14800.15,20024.78,4705.4,9983.21,15145.13,21781.63,5344.23,12730.78,18616.88,23389.0,5398.89,14691.27,33893.57,65488.42,38282.6,71980.25,109045.85,152767.03,40409.81,81799.23,121450.98,158678.02,29269.55,55562.94,90233.65
管理费用,2205.79,4355.12,6628.62,8928.21,4824.82,10982.39,14841.05,18040.14,4619.52,8206.83,11960.2,18642.16,3971.28,9288.24,14361.81,21346.61,5390.25,10955.08,16218.48,33649.09,6262.52,14583.21,26928.48,40347.79,8804.49,18018.56,30516.67,43797.58,10235.91,20843.12,33699.36,50284.63,10805.38,21280.34,32336.97,46733.47,10039.12,24253.56,33535.7,53783.14,13304.82,28441.61,43888.99,63470.89,13543.5,29795.6,25837.7,37048.38,7026.6,16812.38,26434.54,38942.01,7610.42,16984.68,24855.16
财务费用,2132.54,5049.1,7601.93,10661.98,3626.86,7555.57,11222.82,14460.72,1517.15,1492.74,1549.24,2328.72,2233.71,5748.16,4048.92,4604.81,-873.26,-576.07,1642.0,2705.03,-1020.55,-595.0,-2645.43,-2622.28,265.87,88.71,-459.05,-1002.74,-1206.7,-1969.45,-584.33,-39.87,1344.26,814.49,-2101.73,-2195.1,137.31,-828.98,-1327.02,-2176.41,153.24,-93.25,868.51,2574.9,4277.39,2679.73,-82.67,879.7,2248.21,485.99,-856.93,-336.15,-712.19,-450.29,3384.65
资产减值损失,308.23,-757.01,-1077.63,2438.2,1754.21,1445.19,1566.7,4721.39,20.99,299.21,763.65,4463.52,-118.23,-65.29,271.63,3088.16,1293.52,1437.49,1552.89,3334.94,920.29,924.51,1915.86,2241.83,1384.67,4083.92,4883.44,3824.27,468.55,1803.98,1729.29,3852.87,2845.07,8802.7,8130.28,12673.49,2788.05,5431.73,8547.27,16149.41,3069.66,2969.62,4452.26,7021.88,1299.67,5964.59,6359.34,14074.07,735.9,0.0,0.0,0.0,0.0,0.0,0.0
公允价值变动收益,0.0,0.0,0.0,-7.89,0.0,0.0,0.0,-356.17,134.09,356.17,356.17,356.17,0.0,0.0,0.0,37.1,0.0,-37.1,-37.1,-37.1,0.0,0.0,-15.3,89.18,606.23,329.73,15.13,-22.11,-197.99,-89.75,99.14,-67.07,0.0,0.0,0.0,-112.5,112.5,112.5,112.5,112.5,0.0,0.0,0.0,2.75,-2.75,-2.75,-0.11,-31.03,4287.7,1105.13,2282.19,6690.41,2895.78,-2038.34,-2103.5
投资收益,400.79,414.66,511.13,4892.42,1296.94,1299.11,1872.56,1692.32,0.42,28.18,442.9,469.42,13.05,730.94,732.66,702.31,7.54,882.65,975.0,1052.36,120.7,706.94,744.41,771.64,-5.13,701.15,701.56,678.87,35.85,341.71,335.06,125.68,6092.56,23445.21,23542.98,23543.55,0.01,140.75,141.35,229.75,27.21,981.4,6487.97,5582.53,24.4,798.18,1166.44,1463.81,1844.36,3247.49,3859.75,3449.88,1740.09,10130.21,11010.73
其中:对联营企业和合营企业的投资收益,-21.19,-7.32,-7.32,-7.32,0.0,0.0,0.0,0.0,0.0,0.0,0.0,0.0,0.0,0.0,0.0,-61.78,0.0,0.0,0.0,-0.03,0.0,-0.1,-10.2,-12.55,-5.13,165.07,165.48,142.79,35.85,260.15,253.51,42.4,0.01,6.09,6.09,6.78,-97.76,-75.15,-75.15,10.98,0.01,104.47,104.47,-15.56,0.0,7.0,6.99,-7.14,0.0,-11.41,-22.59,-28.14,-2.85,44.78,27.95
汇兑收益,0.0,0.0,0.0,0.0,0.0,0.0,0.0,0.0,0.0,0.0,0.0,0.0,0.0,0.0,0.0,0.0,0.0,0.0,0.0,0.0,0.0,0.0,0.0,0.0,0.0,0.0,0.0,0.0,0.0,0.0,0.0,0.0,0.0,0.0,0.0,0.0,0.0,0.0,0.0,0.0,0.0,0.0,0.0,0.0,0.0,0.0,0.0,0.0,0.0,0.0,0.0,0.0,0.0,0.0,0.0
三、营业利润,328.1,961.4,1257.24,8421.67,9929.25,55947.72,93801.3,113178.71,11596.44,37036.76,87561.49,145100.38,35334.27,69713.38,103936.04,135606.39,30487.75,70880.85,96057.43,119344.7,33236.23,64638.42,85070.3,101136.23,21956.63,42661.76,49757.51,55499.36,10790.3,26570.83,35688.32,27227.97,-2955.93,16582.3,24327.4,17910.13,6530.24,24028.64,48075.02,55250.53,2758.08,11026.45,16416.76,33305.19,53399.57,54602.44,60598.38,46912.53,14441.87,31094.91,40858.68,40903.48,17376.34,50418.03,70211.17
加:营业外收入,156.27,193.04,389.47,1079.75,124.11,366.28,516.72,768.25,457.53,644.72,798.84,1243.95,185.22,438.17,589.97,952.8,115.91,312.42,518.4,3168.12,229.84,741.67,1280.14,1249.7,266.23,809.63,1707.92,2079.1,700.62,1066.76,1585.83,2397.39,642.62,1146.34,1507.79,2856.18,1011.1,1703.11,2746.42,3830.94,739.62,1254.34,1668.11,162.05,11.71,209.8,221.31,216.64,30.34,58.84,103.28,124.02,178.61,205.12,246.67
减：营业外支出,140.42,275.86,364.72,667.81,241.86,932.44,1129.46,1825.74,119.55,353.92,1921.7,4143.46,405.04,1539.89,2333.05,3236.58,995.84,1388.35,1641.32,3698.61,626.78,1022.67,2029.0,2830.7,573.13,1206.65,1787.68,2813.78,927.05,1799.04,2228.72,8617.34,396.01,619.75,907.74,1480.08,570.52,1017.3,1601.63,5054.25,289.13,968.77,1197.32,3410.52,-13.29,270.41,362.66,2791.42,71.98,279.33,780.55,1277.85,479.39,1587.72,1714.42
其中：非流动资产处置损失,28.11,58.8,78.55,109.35,58.99,216.74,258.2,364.94,43.25,101.13,1252.84,2805.31,245.24,631.76,1047.32,1512.22,779.7,853.4,855.13,2068.85,380.89,543.4,834.55,1488.84,144.4,179.15,585.66,872.35,263.64,611.86,696.36,6436.52,21.28,76.56,133.17,254.65,333.81,337.47,747.02,2242.23,143.68,409.05,480.2,0.0,0.0,49.88,0.0,0.0,0.0,0.0,0.0,0.0,0.0,0.0,0.0
四、利润总额,343.95,878.59,1281.99,8833.61,9811.51,55381.57,93188.56,112121.22,11934.43,37327.55,86438.63,142200.87,35114.45,68611.66,102192.96,133322.61,29607.83,69804.92,94934.51,118814.22,32839.28,64357.42,84321.45,99555.24,21649.73,42264.74,49677.75,54764.68,10563.87,25838.55,35045.44,21008.02,-2709.32,17108.9,24927.45,19286.23,6970.82,24714.45,49219.81,54027.22,3208.58,11312.03,16887.54,30056.72,53424.57,54541.84,60457.03,44337.75,14400.23,30874.41,40181.41,39749.65,17075.56,49035.44,68743.42
减：所得税费用,141.89,667.16,876.43,3338.7,2112.21,13591.59,14602.78,14392.78,1860.39,5696.3,13382.83,20845.15,5348.37,10426.34,15405.12,18962.85,4289.34,10297.98,14118.18,17221.85,5004.74,9960.15,12062.56,14441.05,3645.1,6447.19,7367.93,9504.22,1249.3,4670.61,5334.42,3873.89,480.91,3937.33,6257.04,3463.92,618.83,5380.68,8479.04,9593.02,1129.81,2354.18,3904.39,6102.63,6655.36,8444.57,10775.15,11617.17,2041.27,3872.04,5770.13,10554.28,3229.63,8248.17,9679.73
五、净利润,202.06,211.43,405.56,5494.91,7699.29,41789.98,78585.78,97728.44,10074.03,31631.25,73055.81,121355.72,29766.08,58185.32,86787.84,114359.76,25318.49,59506.94,80816.34,101592.36,27834.55,54397.27,72258.89,85114.18,18004.63,35817.55,42309.81,45260.46,9314.58,21167.95,29711.02,17134.13,-3190.23,13171.57,18670.41,15822.31,6351.98,19333.77,40740.77,44434.2,2078.77,8957.85,12983.16,23954.1,46769.21,46097.26,49681.87,32720.59,12358.97,27002.38,34411.28,29195.37,13845.94,40787.27,59063.68
归属于母公司所有者的净利润,296.29,370.6,579.31,5660.5,7706.9,41707.29,78365.36,97262.73,10220.41,31730.45,73191.78,121375.48,29818.41,58152.43,86752.2,114470.87,25412.1,59587.76,80857.02,101247.63,27912.53,54410.13,72170.69,84854.25,18035.59,35737.95,42308.83,45209.52,9339.21,21156.53,29710.84,16973.94,-2886.78,13486.04,18891.43,16180.13,6472.22,19210.72,40506.2,45010.2,2401.07,9016.3,13145.51,25314.56,46534.03,46871.9,51450.42,36455.0,13295.88,28082.41,36014.24,34277.27,14843.78,42703.47,62053.43
少数股东损益,-94.23,-159.17,-173.75,-165.59,-7.61,82.69,220.42,465.71,-146.37,-99.2,-135.97,-19.77,-52.33,32.89,35.63,-111.11,-93.61,-80.83,-40.69,344.73,-77.99,-12.86,88.2,259.93,-30.96,79.6,0.98,50.93,-24.64,11.42,0.18,160.2,-303.44,-314.47,-221.02,-357.82,-120.23,123.04,234.57,-576.0,-322.3,-58.44,-162.36,-1360.46,235.18,-774.64,-1768.55,-3734.41,-936.91,-1080.03,-1602.96,-5081.9,-997.84,-1916.2,-2989.75
基本每股收益(元/股),0.006999999999999999,0.008,0.013,0.13,0.171,0.927,1.741,2.16,0.227,0.71,1.626,2.7,0.6629999999999999,1.29,1.928,2.54,0.565,1.32,1.8,2.25,0.62,1.21,1.5759999999999998,1.79,0.35,0.69,0.8140000000000001,0.48,0.1,0.23,0.317,0.18,-0.03,0.14400000000000002,0.2,0.17,0.07,0.21,0.43,0.48,0.03,0.094,0.14,0.27,0.49,0.5,0.54,0.38,0.14,0.29600000000000004,0.38,0.36,0.15,0.446,0.65
稀释每股收益(元/股),0.006999999999999999,0.008,0.013,0.13,0.171,0.927,1.741,2.16,0.227,0.71,1.626,2.7,0.6629999999999999,1.29,1.928,2.54,0.565,1.32,1.8,2.25,0.62,1.21,1.5759999999999998,1.79,0.35,0.69,0.8140000000000001,0.48,0.1,0.23,0.317,0.18,-0.03,0.14400000000000002,0.2,0.17,0.07,0.21,0.43,0.48,0.03,0.094,0.14,0.27,0.49,0.5,0.54,0.38,0.14,0.29600000000000004,0.38,0.36,0.15,0.446,0.65
七、其他综合收益,0.0,0.0,0.0,0.0,0.0,0.0,0.0,0.0,0.0,0.0,0.0,15096.71,18770.95,8744.0,15232.03,22226.29,-6607.65,-13362.05,-14646.64,-16375.41,-1094.16,1426.13,-1918.99,-3676.71,4991.29,3331.91,6174.05,7959.47,-442.21,-3646.78,4132.81,5035.22,9501.12,-1034.7,-11503.93,-4863.72,-6759.46,-7057.63,-4693.54,-3908.2,798.9,172.54,-4447.83,-5717.49,1871.25,1392.06,-2108.79,-4272.0,-359.14,-169.38,-192.84,-40.16,13.92,217.45,235.11
八、综合收益总额,0.0,0.0,0.0,0.0,0.0,0.0,0.0,0.0,0.0,0.0,0.0,136452.42,48537.03,66929.32,102019.87,136586.05,18710.84,46144.88,66169.69,85216.95,26740.39,55823.41,70339.9,81437.47,22995.92,39149.46,48483.86,53219.93,8872.36,17521.17,33843.83,22169.36,6310.9,12136.87,7166.48,10958.59,-407.48,12276.13,36047.24,40526.0,2877.67,9130.4,8535.33,18236.6,48640.46,47489.33,47573.08,28448.58,11999.83,26833.0,34218.44,29155.21,13859.85,41004.72,59298.8
归属于母公司所有者的综合收益总额,0.0,0.0,0.0,0.0,0.0,0.0,0.0,0.0,0.0,0.0,0.0,136472.19,48589.36,66896.44,101984.23,136697.16,18804.45,46225.71,66210.38,84872.22,26818.38,55836.26,70251.7,81177.54,23026.87,39069.86,48482.88,53169.0,8897.0,17509.75,33843.65,22053.48,6653.53,12473.67,7389.94,11323.28,-300.57,12122.29,35763.7,41065.43,3197.93,9164.1,8675.83,19582.9,48382.4,48232.58,49299.25,32159.7,12958.41,0.0,0.0,34241.33,14855.5,42906.59,62270.02
归属于少数股东的综合收益总额,0.0,0.0,0.0,0.0,0.0,0.0,0.0,0.0,0.0,0.0,0.0,-19.77,-52.33,32.89,35.63,-111.11,-93.61,-80.83,-40.69,344.73,-77.99,-12.86,88.2,259.93,-30.96,79.6,0.98,50.93,-24.64,11.42,0.18,115.88,-342.64,-336.8,-223.46,-364.69,-106.91,153.85,283.53,-539.44,-320.26,-33.7,-140.5,-1346.3,258.06,-743.25,-1726.17,-3711.12,-958.58,0.0,0.0,-5086.11,-995.65,-1901.87,-2971.22
