报表日期,2007-03-31,2007-06-30,2007-09-30,2007-12-31,2008-03-31,2008-06-30,2008-09-30,2008-12-31,2009-03-31,2009-06-30,2009-09-30,2009-12-31,2010-03-31,2010-06-30,2010-09-30,2010-12-31,2011-03-31,2011-06-30,2011-09-30,2011-12-31,2012-03-31,2012-06-30,2012-09-30,2012-12-31,2013-03-31,2013-06-30,2013-09-30,2013-12-31,2014-03-31,2014-06-30,2014-09-30,2014-12-31,2015-03-31,2015-06-30,2015-09-30,2015-12-31,2016-03-31,2016-06-30,2016-09-30,2016-12-31,2017-03-31,2017-06-30,2017-09-30,2017-12-31,2018-03-31,2018-06-30,2018-09-30,2018-12-31,2019-03-31,2019-06-30,2019-09-30,2019-12-31,2020-03-31,2020-06-30,2020-09-30
一、营业总收入,36659.56,67368.13,95753.58,131801.09,26436.84,46096.88,71653.7,102337.33,30513.23,46222.89,72546.14,101649.49,25483.35,48832.76,79925.79,114642.69,31289.79,61739.6,103735.0,139496.19,42281.41,70479.43,106925.14,136804.51,33340.73,68664.81,108904.77,136544.63,266544.02,568341.01,814491.75,1233844.11,458439.5,793290.58,1132468.76,1583010.96,513054.48,876251.47,1206734.89,1699959.17,515894.79,925268.18,1247820.08,1820009.14,578624.49,1001364.28,1304243.63,1908972.84,608867.94,1072125.0,1468906.54,2196968.87,384834.89,810200.55,1177821.7
营业收入,36659.56,67368.13,95753.58,131801.09,26436.84,46096.88,71653.7,102337.33,30513.23,46222.89,72546.14,101649.49,25483.35,48832.76,79925.79,114642.69,31289.79,61739.6,103735.0,139496.19,42281.41,70479.43,106925.14,136804.51,33340.73,68664.81,108904.77,136544.63,266544.02,568341.01,814491.75,1233844.11,458439.5,793290.58,1132468.76,1583010.96,513054.48,876251.47,1206734.89,1699959.17,515894.79,925268.18,1247820.08,1820009.14,578624.49,1001364.28,1304243.63,1908972.84,608867.94,1072125.0,1468906.54,2196968.87,384834.89,810200.55,1177821.7
二、营业总成本,28969.72,57702.9,82884.86,111879.22,22076.69,39631.14,63220.86,90178.41,28064.94,43576.27,68179.05,93312.25,22582.23,44549.5,72070.29,104489.34,27299.36,55701.91,92404.96,125960.15,36548.91,61881.63,92032.91,122939.78,29025.37,59169.84,94284.66,118741.41,194111.95,421034.68,611222.39,921333.77,346924.9,579402.13,833388.55,1189599.43,388720.23,644004.03,897295.06,1296753.83,381393.83,680107.28,919690.64,1386747.51,425216.36,729353.44,968218.34,1476300.29,449494.33,791271.53,1119247.97,1747106.55,329649.48,649867.89,985385.87
营业成本,24272.15,46993.42,67661.0,91405.06,18331.46,32600.37,52139.91,74955.31,24977.41,37040.85,57436.96,78123.22,18429.31,36235.29,58616.38,84461.36,21548.62,43707.52,73509.89,97531.29,28623.56,47429.78,70248.58,86688.35,18913.35,38961.57,63094.06,77023.53,164913.55,339937.19,489428.6,741711.11,281400.06,464673.28,681484.09,945507.11,314323.36,518564.54,725090.39,1037137.14,314379.96,553836.92,742958.09,1111041.92,347753.55,594899.03,737884.87,1129347.42,343475.15,625321.76,855396.31,1329987.18,252140.6,485676.86,705963.02
营业税金及附加,257.57,502.21,522.09,794.28,163.2,251.98,350.43,699.15,41.13,103.64,283.48,663.83,69.5,174.04,375.41,1114.14,75.52,233.35,470.87,1373.82,181.45,484.0,798.59,1753.08,134.79,499.53,796.34,1998.2,1151.21,2614.19,3804.75,6142.57,2952.02,4866.21,6125.36,9047.01,4365.42,6095.86,7049.32,13287.18,3265.5,6403.28,8875.59,14797.69,4303.22,6829.68,8979.65,14129.45,5139.68,6897.53,9312.47,12004.82,3181.44,5625.56,7683.75
销售费用,2299.56,6307.09,8526.88,10052.39,1233.48,2287.04,3982.57,5468.39,999.66,2428.52,3963.77,5765.76,1479.18,3605.24,5830.76,8231.72,2738.14,5774.24,9159.79,14370.18,4020.2,7346.69,10845.08,18553.46,5120.16,10392.4,15169.27,20508.17,15140.9,41174.95,60860.8,99106.64,37445.58,74794.63,87742.04,134706.95,43067.02,74126.48,94844.52,142294.99,36130.36,61415.85,86219.12,154898.49,37652.55,76660.58,118683.32,179941.97,56754.72,99341.42,149364.68,246650.12,52196.47,104200.21,169051.68
管理费用,1360.44,2638.37,4350.22,5715.1,1692.63,3513.57,5439.67,7450.47,1671.32,3340.22,5556.04,7913.45,2412.84,4790.57,7458.56,10961.86,3128.32,6329.38,9954.29,13411.39,4176.6,7757.15,11804.54,17940.95,4970.61,9577.31,16137.9,20179.67,15924.5,36008.88,60156.02,78053.92,28467.75,41407.73,66098.07,96652.05,27264.86,45594.31,72066.51,97329.84,25445.31,47366.81,68702.06,105401.17,28561.77,46672.18,72746.28,110028.27,30096.78,57002.56,101444.86,149877.62,20584.48,50795.58,96039.75
财务费用,584.58,1052.43,1580.88,3579.58,570.75,1268.03,1695.22,1589.76,534.64,639.92,756.98,528.04,46.12,-623.85,-710.49,-337.92,-313.47,-706.2,-952.87,-904.67,-667.68,-1271.15,-1861.83,-2143.02,-554.04,-725.99,-1131.92,-1651.68,-2665.87,-4612.55,-6457.01,-8722.64,-3594.1,-6463.77,-8293.46,-10035.25,-2464.51,-5936.76,-7794.03,-12091.39,-6333.15,-9125.02,-10618.83,-12043.34,-1268.64,-2853.76,-987.82,-379.55,-1515.83,-777.99,-323.98,1812.59,584.26,1218.08,2948.89
资产减值损失,195.43,209.39,243.8,332.81,85.17,-289.84,-386.94,15.33,-159.22,23.12,181.81,317.94,145.27,368.23,499.66,58.17,122.23,363.62,262.99,178.15,214.77,135.16,197.95,146.95,440.5,465.03,219.01,683.52,-352.33,5912.01,3429.23,5042.17,253.59,124.05,232.46,13721.56,2164.08,5559.6,6038.36,18796.07,8505.86,20209.43,23554.59,12651.58,8213.91,7145.72,27266.74,38330.9,15142.88,0.0,0.0,0.0,0.0,0.0,0.0
公允价值变动收益,0.0,0.0,0.0,0.0,0.0,0.0,0.0,0.0,0.0,0.0,0.0,0.0,0.0,0.0,0.0,0.0,0.0,0.0,0.0,0.0,0.0,0.0,0.0,0.0,0.0,0.0,0.0,0.0,0.0,0.0,0.0,0.0,0.0,0.0,0.0,0.0,0.0,0.0,0.0,10.78,-103.72,-196.6,-267.05,-333.92,-204.93,-527.25,-709.61,-891.57,6505.09,5141.29,-7247.66,0.0,181.96,423.3,964.83
投资收益,-0.47,-1.71,1387.46,1196.21,-22.35,-39.29,67.83,200.54,0.0,0.0,0.0,132.71,0.0,0.0,0.0,147.78,0.0,0.0,0.0,132.71,0.0,0.0,0.0,132.71,286.0,349.62,349.62,482.33,0.0,0.0,0.0,133.02,107.7,132.71,132.71,240.41,4000.0,4000.0,3997.67,4025.46,47.94,380.03,689.38,1283.95,476.73,472.43,8359.43,16099.49,-1152.25,697.7,19957.78,7065.1,290.34,290.34,340.44
其中:对联营企业和合营企业的投资收益,0.0,0.0,0.0,-1.55,0.0,0.0,0.0,-39.39,0.0,0.0,0.0,0.0,0.0,0.0,0.0,0.0,0.0,0.0,0.0,0.0,0.0,0.0,0.0,0.0,0.0,0.0,0.0,0.0,0.0,0.0,0.0,0.0,0.0,0.0,0.0,0.0,0.0,0.0,0.0,0.0,0.0,0.0,0.0,882.68,45.75,5.03,-224.47,274.88,-505.97,-5692.4,-5749.91,-10833.36,290.34,0.0,0.0
汇兑收益,0.0,0.0,0.0,0.0,0.0,0.0,0.0,0.0,0.0,0.0,0.0,0.0,0.0,0.0,0.0,0.0,0.0,0.0,0.0,0.0,0.0,0.0,0.0,0.0,0.0,0.0,0.0,0.0,0.0,0.0,0.0,0.0,0.0,0.0,0.0,0.0,0.0,0.0,0.0,0.0,0.0,0.0,0.0,0.0,0.0,0.0,0.0,0.0,0.0,0.0,0.0,0.0,0.0,0.0,0.0
三、营业利润,7689.36,9663.52,14256.18,21118.08,4337.8,6426.44,8500.68,12359.46,2448.29,2646.61,4367.1,8469.95,2901.13,4283.26,7855.5,10301.13,3990.43,6037.69,11330.04,13668.75,5732.5,8597.8,14892.23,13997.44,4601.36,9844.59,14969.74,18285.55,72432.06,147306.33,203269.37,312643.36,111622.3,214021.16,299212.92,393651.94,128334.25,236247.44,313437.5,407241.58,134445.18,245344.33,328551.77,436045.82,154256.04,273503.71,350605.93,455517.48,165259.87,280403.77,344639.78,417922.1,38168.33,122344.72,157662.39
加:营业外收入,50.7,156.38,300.56,222.84,22.62,56.44,130.9,178.82,768.03,770.24,962.57,940.45,33.33,72.8,74.73,116.53,22.59,55.67,84.66,176.22,87.14,114.59,175.95,176.53,82.34,125.59,185.5,199.71,13811.52,13981.2,17518.1,19001.84,972.74,4422.49,5241.06,6130.49,528.89,2732.78,3064.46,4158.73,1214.08,2854.53,4024.04,4271.3,1333.49,2257.13,3221.48,3691.85,1154.26,1782.01,3612.02,5533.91,597.76,1260.12,2834.75
减：营业外支出,108.01,299.38,503.43,737.83,198.67,482.27,636.61,795.26,53.41,136.83,258.54,816.2,78.69,195.71,329.67,597.52,91.04,224.42,400.46,898.98,110.81,350.03,503.51,835.44,113.33,288.78,444.89,1015.1,437.32,998.53,6929.07,8939.09,29.79,60.01,72.86,363.66,36.74,81.65,89.78,852.97,31.65,109.04,114.48,770.5,380.84,494.86,2106.54,1431.05,66.09,70.13,77.72,1034.94,45.67,775.21,807.39
其中：非流动资产处置损失,0.0,0.0,0.0,63.81,0.0,0.0,0.0,36.27,0.0,0.0,0.0,372.93,0.0,0.0,0.0,3.27,0.0,0.0,0.0,0.0,0.0,93.54,93.54,93.56,0.0,21.9,38.21,51.08,0.0,0.57,5394.41,5811.23,0.0,0.0,0.0,278.29,6.99,6.99,6.99,12.12,3.19,3.19,3.19,0.0,0.0,0.0,0.0,0.0,0.0,0.0,0.0,0.0,0.0,0.0,0.0
四、利润总额,7632.05,9520.52,14053.31,20603.09,4161.74,6000.62,7994.96,11743.03,3162.9,3280.02,5071.12,8594.2,2855.77,4160.35,7600.56,9820.14,3921.98,5868.94,11014.24,12945.98,5708.83,8362.35,14564.67,13338.52,4570.37,9681.4,14710.35,17470.16,85806.27,160289.0,213858.39,322706.11,112565.24,218383.64,304381.12,399418.76,128826.39,238898.57,316412.18,410547.34,135627.61,248089.82,332461.32,439546.61,155208.69,275265.99,351720.87,457778.27,166348.03,282115.66,348174.08,422421.07,38720.42,122829.63,159689.75
减：所得税费用,2044.87,3015.25,4437.74,5441.73,1050.26,1415.26,2059.07,2566.53,593.2,646.84,649.39,1068.03,384.37,554.43,1089.29,1362.12,577.32,865.88,1872.25,2296.42,1158.93,1790.36,2912.84,2599.05,750.04,1493.95,2433.07,2807.51,21198.59,37536.6,52143.43,84809.18,25767.32,51757.75,75369.83,104011.55,33055.92,61592.76,74935.35,98233.89,34597.27,60525.63,81152.36,106613.73,42114.57,68664.92,88896.92,112185.58,45591.54,70880.91,88792.39,105664.25,10043.77,31266.67,35918.18
五、净利润,5587.18,6505.27,9615.57,15161.35,3111.48,4585.36,5935.89,9176.5,2569.7,2633.18,4421.74,7526.17,2471.4,3605.92,6511.27,8458.01,3344.65,5003.06,9141.99,10649.56,4549.9,6571.99,11651.82,10739.48,3820.33,8187.46,12277.28,14662.65,64607.67,122752.39,161714.97,237896.93,86797.92,166625.89,229011.29,295407.21,95770.47,177305.81,241476.83,312313.45,101030.33,187564.19,251308.96,332932.88,113094.13,206601.07,262823.95,345592.69,120756.49,211234.75,259381.69,316756.82,28676.64,91562.96,123771.57
归属于母公司所有者的净利润,5300.32,6314.3,9255.84,14667.83,3014.97,4449.48,5643.62,8755.9,2470.47,2773.14,4767.89,7919.96,2570.47,3784.61,6648.08,8614.91,3409.78,5128.48,8964.37,10301.36,4609.97,6546.15,11503.07,10453.98,3777.2,8060.61,12056.4,14173.5,64502.13,122777.69,161298.21,237477.21,86791.81,166586.95,228957.28,295313.17,95761.88,177283.88,241442.39,312264.73,101000.32,187518.73,251263.5,332887.42,113094.13,206601.07,262823.95,345477.42,120962.33,212523.72,261640.25,321051.99,29525.34,94736.12,129021.27
少数股东损益,286.86,190.97,359.73,493.52,96.51,135.88,292.27,420.6,99.23,-139.96,-346.16,-393.79,-99.07,-178.69,-136.81,-156.9,-65.13,-125.41,177.62,348.21,-60.06,25.85,148.76,285.5,43.13,126.85,220.87,489.16,105.54,-25.3,416.76,419.72,6.12,38.94,54.01,94.05,8.59,21.93,34.44,48.72,30.01,45.46,45.46,45.46,0.0,0.0,0.0,115.27,-205.84,-1288.97,-2258.56,-4295.17,-848.7,-3173.16,-5249.7
基本每股收益(元/股),0.2,0.22,0.3,0.27,0.05,0.07,0.09,0.14,0.04,0.04,0.07,0.12,0.04,0.06,0.1,0.13,0.05,0.08,0.14,0.16,0.07,0.1,0.18,0.16,0.06,0.12,0.19,0.22,0.16,0.29,0.37,0.54,0.19,0.37,0.51,0.66,0.21,0.39,0.54,0.7,0.22,0.42,0.56,0.74,0.25,0.46,0.58,0.77,0.27,0.48,0.59,0.72,0.07,0.22,0.29
稀释每股收益(元/股),0.16,0.2,0.29,0.23,0.05,0.07,0.09,0.14,0.04,0.04,0.07,0.12,0.04,0.06,0.1,0.13,0.05,0.08,0.14,0.16,0.07,0.1,0.18,0.16,0.0,0.0,0.0,0.22,0.0,0.0,0.0,0.0,0.0,0.0,0.0,0.0,0.0,0.39,0.0,0.0,0.0,0.0,0.0,0.0,0.25,0.0,0.0,0.76,0.26,0.46,0.57,0.71,0.07,0.2,0.29
七、其他综合收益,0.0,0.0,0.0,0.0,0.0,0.0,0.0,0.0,0.0,0.0,0.0,0.0,0.0,0.0,0.0,0.0,0.0,0.0,0.0,0.0,0.0,0.0,0.0,0.0,0.0,0.0,0.0,0.0,0.0,0.0,0.0,0.0,0.0,0.0,0.0,243.46,-22.37,80.52,111.72,11480.9,429.96,-545.9,258.66,-940.17,1003.89,-956.11,-3066.64,-4027.83,340.76,644.93,988.24,763.22,69.07,202.03,-427.2
八、综合收益总额,0.0,0.0,0.0,0.0,0.0,0.0,0.0,9176.5,2569.7,2633.18,4421.74,7526.17,2471.4,3605.92,6511.27,8458.01,3344.65,5003.06,9141.99,10649.56,4549.9,6571.99,11651.82,10739.48,3820.33,8187.46,12277.28,14662.65,64607.67,122752.39,161714.97,237896.93,86797.92,166625.89,229011.29,295650.68,95748.1,177386.33,241588.55,323794.35,101460.3,187018.29,251567.62,331992.71,114098.01,205644.96,259757.31,341564.86,121097.25,211879.68,260369.92,317520.04,28745.72,91764.99,123344.37
归属于母公司所有者的综合收益总额,0.0,0.0,0.0,0.0,0.0,0.0,0.0,8755.9,2470.47,2773.14,4767.89,7919.96,2570.47,3784.61,6648.08,8614.91,3409.78,5128.48,8964.37,10301.36,4609.97,6546.15,11503.07,10453.98,3777.2,8060.61,12056.4,14173.5,64502.13,122777.69,161298.21,237477.21,86791.81,166586.95,228957.28,295556.63,95739.51,177364.41,241554.11,323745.63,101430.29,186972.83,251522.17,331947.25,114098.01,205644.96,259757.31,341449.59,121303.09,213168.65,262628.49,321815.21,29594.41,94938.15,128594.07
归属于少数股东的综合收益总额,0.0,0.0,0.0,0.0,0.0,0.0,0.0,420.6,99.23,-139.96,-346.16,-393.79,-99.07,-178.69,-136.81,-156.9,-65.13,-125.41,177.62,348.21,-60.06,25.85,148.76,285.5,43.13,126.85,220.87,489.16,105.54,-25.3,416.76,419.72,6.12,38.94,54.01,94.05,8.59,21.93,34.44,48.72,30.01,45.46,45.46,45.46,0.0,0.0,0.0,115.27,-205.84,-1288.97,-2258.56,-4295.17,-848.7,-3173.16,-5249.7
