报表日期,2007-03-31,2007-06-30,2007-09-30,2007-12-31,2008-03-31,2008-06-30,2008-09-30,2008-12-31,2009-03-31,2009-06-30,2009-09-30,2009-12-31,2010-03-31,2010-06-30,2010-09-30,2010-12-31,2011-03-31,2011-06-30,2011-09-30,2011-12-31,2012-03-31,2012-06-30,2012-09-30,2012-12-31,2013-03-31,2013-06-30,2013-09-30,2013-12-31,2014-03-31,2014-06-30,2014-09-30,2014-12-31,2015-03-31,2015-06-30,2015-09-30,2015-12-31,2016-03-31,2016-06-30,2016-09-30,2016-12-31,2017-03-31,2017-06-30,2017-09-30,2017-12-31,2018-03-31,2018-06-30,2018-09-30,2018-12-31,2019-03-31,2019-06-30,2019-09-30
一、营业总收入,172787.82,352858.98,586538.24,780358.36,196508.51,416773.63,617254.06,770439.3,121178.95,274995.9,465446.06,649291.97,204922.78,438033.39,670572.65,942977.69,318367.36,687844.56,1050901.14,1366230.73,328113.73,716016.99,1142036.39,1594212.65,477633.85,997590.26,1537422.23,2023797.32,513645.34,1166482.1,1776020.06,2208836.85,453550.4,1004226.34,1478832.45,1949238.29,529961.11,1247577.0,2093218.19,3009986.15,1100704.86,2443008.65,3896350.39,5312317.33,1360191.35,3005417.46,4592323.47,6062119.34,1595200.68,3153899.78,4853917.13
营业收入,172787.82,352858.98,586538.24,780358.36,196508.51,416773.63,617254.06,770439.3,121178.95,274995.9,465446.06,649291.97,204922.78,438033.39,670572.65,942977.69,318367.36,687844.56,1050901.14,1366230.73,328113.73,716016.99,1142036.39,1594212.65,477633.85,997590.26,1537422.23,2023797.32,513645.34,1166482.1,1776020.06,2208836.85,453550.4,1004226.34,1478832.45,1949238.29,529961.11,1247577.0,2093218.19,3009986.15,1100704.86,2443008.65,3896350.39,5312317.33,1360191.35,3005417.46,4592323.47,6062119.34,1595200.68,3153899.78,4853917.13
二、营业总成本,126403.11,257314.8,421116.38,558666.13,140276.19,294253.49,462993.46,605517.32,110242.71,231434.31,382837.62,538238.46,174173.76,367503.04,563263.53,794574.84,248053.8,537704.43,819211.95,1093229.13,262240.16,572146.24,898370.1,1233522.7,366236.98,765220.65,1192359.08,1597656.09,403222.73,941386.35,1435661.84,1794526.47,376616.98,821081.36,1248404.69,1667729.06,464412.98,1052752.08,1729027.45,2450208.73,773176.05,1720823.52,2744530.22,3719290.6,902106.95,2063547.77,3330207.73,4575275.87,1287301.63,2535840.79,3949505.93
营业成本,108778.1,220944.05,357842.69,465170.39,122742.78,258207.36,404616.26,529419.68,92067.89,196610.82,325357.75,460676.59,155727.5,324305.12,502159.13,704150.99,213129.35,463794.03,706716.21,948866.48,221602.47,481397.82,754591.06,1038186.95,311169.97,642917.7,1003938.44,1358294.92,355489.77,812329.65,1240603.89,1526963.97,315433.63,671802.88,1009455.94,1361996.54,386897.32,885195.2,1462872.0,2074480.93,668890.34,1494617.75,2376234.3,3203325.35,774905.08,1799554.04,2901401.12,4011435.69,1108406.18,2162874.69,3406266.62
营业税金及附加,1176.78,2794.01,5198.02,6665.29,1520.31,3149.64,3828.29,4855.14,745.3,1517.13,2254.24,2750.33,401.29,1064.32,1829.93,2727.99,555.08,2119.03,4422.27,6057.01,589.16,2643.83,6040.32,8820.31,3747.71,7127.1,10369.26,12498.78,1621.15,4247.18,7716.93,10771.98,1574.11,4391.48,6657.44,9565.02,1239.13,4657.65,7134.98,20376.11,6566.28,16804.95,30442.37,47537.84,14951.63,31390.14,44359.38,54597.16,15392.82,27395.7,38239.6
销售费用,4587.63,9800.62,15909.23,22351.66,5067.49,10859.43,16374.25,20714.1,5497.35,10136.4,16543.32,23522.5,6192.36,13541.81,20167.43,27362.44,8547.45,18794.83,28634.54,38672.64,9446.09,20666.79,33951.56,48641.68,13434.06,32256.92,46027.82,59584.93,11977.36,33076.06,51483.89,70042.83,16124.96,37019.28,57962.97,84726.97,24409.37,51790.85,80398.72,116598.37,30422.43,67155.99,103861.77,141699.96,35217.65,78897.55,121923.05,172146.42,65785.35,135029.0,202835.39
管理费用,9213.3,19389.79,35541.37,57119.35,12348.76,23267.54,34252.54,45418.7,8628.33,18598.57,32771.78,44966.78,9335.5,23157.9,34971.88,53573.48,21100.18,45360.93,68777.04,85172.9,20439.82,47454.57,74043.65,105419.93,25420.08,65812.36,104314.77,138819.2,21129.26,63887.38,97532.22,135889.25,30071.31,73036.9,103557.88,128151.56,27408.88,62704.08,107144.02,142328.34,39370.02,81153.15,141371.64,203456.83,44676.22,107014.71,78166.09,100150.56,29032.81,69327.24,103803.58
财务费用,1270.35,3684.12,5887.55,5371.33,-1920.47,-1796.44,2672.32,5084.35,2807.69,3692.66,4198.74,5352.38,1339.41,3452.81,1466.99,3512.6,2581.29,5169.09,9559.91,14954.34,6771.9,17639.42,26941.93,28940.97,9061.35,13237.31,24047.92,25767.21,10596.39,22832.49,33257.62,43431.8,12108.12,33600.55,70621.55,84124.3,21629.16,42767.06,65811.4,88995.12,20731.13,45044.33,71742.02,92939.02,24795.41,42063.32,65230.61,79501.99,27104.48,57954.13,77126.53
资产减值损失,1376.94,702.21,737.52,1988.11,517.32,565.96,1249.81,25.35,496.15,878.73,1711.78,969.88,1177.7,1981.08,2668.17,3247.35,2140.46,2466.5,1101.98,-494.24,3390.73,2343.82,2801.58,3512.85,3403.82,3869.26,3660.87,2691.06,2408.79,5013.59,5067.29,7426.63,1304.85,1230.27,148.92,-835.33,2829.12,5637.25,5666.34,7429.88,7195.84,16047.35,20878.12,30331.61,7560.96,4628.01,2200.66,-3567.7,-1845.69,0.0,0.0
公允价值变动收益,189.83,860.58,138.95,-436.53,-714.95,0.0,0.0,-84.62,0.0,0.0,-222.09,552.44,-646.52,-2116.07,-1619.44,-1477.83,-15.0,569.9,-385.18,-944.46,97.24,48.88,-117.52,266.76,4.81,302.77,419.77,1601.8,0.0,0.0,0.0,346.68,6007.46,6159.93,494.26,-346.68,0.0,0.0,0.0,0.0,0.0,0.0,0.0,0.0,0.0,0.0,0.0,0.0,3397.17,84.54,1406.28
投资收益,276.65,790.41,6205.59,14825.53,652.19,-787.63,-93.04,491.42,344.19,956.1,1267.52,2302.97,568.0,1297.49,1474.59,20341.15,290.64,-593.71,905.94,994.67,298.9,423.79,433.0,437.22,-28.32,-374.27,-393.49,-1652.12,202.2,130.23,-33.36,-125.71,-119.05,531.06,6724.67,338.75,-141.73,3047.42,3649.87,5275.3,2284.97,5566.11,7956.16,12555.76,2982.03,5385.55,7830.49,9347.24,1266.46,9571.31,13343.46
其中:对联营企业和合营企业的投资收益,0.0,200.0,200.0,0.0,0.0,0.0,0.0,1181.12,344.19,856.1,1095.74,1450.91,332.08,830.2,951.0,2285.58,0.0,0.0,0.0,-0.56,-1.1,-0.61,0.28,4.5,-28.32,-44.21,-92.67,-198.64,-97.8,-169.77,-223.55,-332.11,-119.03,-68.94,-562.8,-261.25,-141.73,47.42,650.37,2276.82,2286.49,4967.77,7358.21,10455.76,2982.03,5385.55,7830.49,9347.24,1995.33,5495.18,8699.94
汇兑收益,0.0,0.0,0.0,0.0,0.0,0.0,0.0,0.0,0.0,0.0,0.0,0.0,0.0,0.0,0.0,0.0,0.0,0.0,0.0,0.0,0.0,0.0,0.0,0.0,0.0,0.0,0.0,0.0,0.0,0.0,0.0,0.0,0.0,0.0,0.0,0.0,0.0,0.0,0.0,0.0,0.0,0.0,0.0,0.0,0.0,0.0,0.0,0.0,0.0,0.0,0.0
三、营业利润,46851.19,97195.17,171766.39,236081.23,56169.56,121732.51,154167.56,165328.78,11280.43,44517.69,83653.86,113908.92,30670.5,69711.77,107164.26,167266.17,70589.21,150116.34,232209.95,273051.81,66269.72,144343.42,243981.77,361393.94,111373.37,232298.1,345089.44,426090.91,110624.8,225225.98,340324.87,414531.36,82821.83,189835.97,237646.69,281501.29,65406.41,197872.34,367840.61,565052.72,329813.79,738190.29,1173418.16,1695930.28,518823.59,1031711.94,1371168.72,1608498.18,359007.71,702159.29,1002406.96
加:营业外收入,5773.0,6192.85,6296.48,12833.64,1570.83,9806.81,26403.15,38378.12,12888.76,21598.49,33874.05,32245.06,2199.86,10288.15,18804.67,26739.82,519.94,2491.31,5915.2,10364.68,655.11,5578.92,8384.25,12584.58,4664.16,6280.93,18370.64,19876.25,8803.32,11206.42,19239.28,26499.02,1226.67,1825.11,25848.57,30231.28,2237.43,5110.55,6860.68,8974.9,5520.22,1705.97,1925.6,1868.39,157.63,356.34,537.21,979.67,539.16,1099.74,6362.29
减：营业外支出,14.42,91.78,123.75,693.62,2.16,152.31,1160.6,1141.12,5.94,18.58,39.68,1153.57,15.0,26.05,91.53,239.4,20.24,74.0,1761.69,1921.71,30.77,426.07,2481.53,17386.66,940.17,1244.28,2268.1,3398.74,700.19,759.82,1910.44,24177.64,592.83,4438.66,6404.32,16287.69,539.02,800.18,4612.51,8719.68,195.03,878.7,6330.05,22825.09,536.19,1518.83,3097.72,11699.83,619.16,1755.89,6049.45
其中：非流动资产处置损失,2.38,87.96,94.46,573.42,1.11,46.33,1037.95,1013.23,3.35,12.34,15.06,1070.44,0.0,2.51,30.88,34.78,0.69,13.95,1603.42,1605.34,1.18,358.58,2343.63,17103.13,880.77,1112.88,2063.91,3014.28,655.0,670.99,1694.02,22300.45,530.14,4329.74,6130.32,16021.91,528.5,764.21,4530.82,8536.88,194.91,870.6,6176.04,0.0,0.0,0.0,0.0,0.0,0.0,0.0,0.0
四、利润总额,52609.77,103296.24,177939.12,248221.24,57738.23,131387.0,179410.11,202565.79,24163.25,66097.6,117488.24,145000.41,32855.36,79973.88,125877.41,193766.59,71088.91,152533.65,236363.46,281494.77,66894.06,149496.27,249884.5,356591.86,115097.36,237334.76,361191.98,442568.42,118727.92,235672.59,357653.71,416852.74,83455.67,187222.42,257090.94,295444.88,67104.81,202182.71,370088.77,565307.94,335138.97,739017.57,1169013.72,1674973.58,518445.03,1030549.46,1368608.2,1597778.02,358927.71,701503.14,1002719.81
减：所得税费用,15922.21,33079.61,53536.44,78535.2,14597.32,30339.3,39721.69,26756.19,2170.7,7088.35,14307.6,17028.07,4730.57,11295.74,16949.02,21691.19,11257.33,23969.22,37669.06,41954.03,11057.16,24098.16,39971.47,54597.87,19692.49,39593.4,58808.01,65990.0,26318.71,56035.85,86638.34,95098.02,20089.14,47587.61,62463.25,67488.8,12626.74,38838.83,72722.16,110501.0,76356.21,158061.45,242738.44,344041.61,105054.27,207531.55,282815.23,314813.82,65507.33,113863.54,174575.31
五、净利润,36687.56,70216.62,124402.67,169686.04,43140.91,101047.71,139688.42,175809.6,21992.55,59009.24,103180.64,127972.34,28124.78,68678.14,108928.39,172075.4,59831.57,128564.43,198694.4,239540.74,55836.9,125398.11,209913.03,301994.0,95404.87,197741.36,302383.97,376578.41,92409.21,179636.73,271015.37,321754.71,63366.53,139634.81,194627.69,227956.08,54478.07,163343.88,297366.62,454806.94,258782.77,580956.12,926275.28,1330931.97,413390.76,823017.91,1085792.97,1282964.2,293420.38,587639.6,828144.5
归属于母公司所有者的净利润,32016.15,60616.93,109864.32,148134.18,37628.37,88073.71,120973.5,150973.64,19134.19,50244.78,86406.06,106637.86,25069.44,60571.04,96867.5,153020.83,48005.46,99826.09,153853.17,185390.03,44183.21,98379.91,164854.12,234887.95,74178.91,153789.75,233677.53,289141.23,75261.18,140456.18,209785.89,241936.64,47087.27,101869.94,143575.37,160974.36,44364.05,136797.51,250025.28,367942.18,219505.98,486103.79,781099.6,1113479.03,354572.22,694993.44,902102.15,1061037.99,279580.48,562110.26,789929.92
少数股东损益,4671.41,9599.7,14538.36,21551.87,5512.54,12973.99,18714.92,24835.96,2858.37,8764.46,16774.59,21334.48,3055.34,8107.1,12060.89,19054.58,11826.11,28738.35,44841.24,54150.7,11653.69,27018.2,45058.91,67106.05,21225.96,43951.61,68706.44,87437.18,17148.03,39180.55,61229.48,79818.07,16279.25,37764.87,51052.32,66981.72,10114.03,26546.37,47341.34,86864.76,39276.79,94852.33,145175.69,217452.94,58818.54,128024.46,183690.82,221926.21,13839.9,25529.34,38214.58
基本每股收益(元/股),0.27,0.51,0.66,0.89,0.23,0.53,0.73,0.91,0.12,0.3,0.52,0.64,0.15,0.36,0.58,0.92,0.29,0.46,0.71,0.86,0.2,0.45,0.76,1.09,0.34,0.71,1.08,1.34,0.35,0.65,0.97,1.12,0.22,0.47,0.66,0.74,0.21,0.63,1.16,1.7,0.96,1.79,2.87,4.09,1.3,2.54,3.3,3.88,0.89,1.79,2.52
稀释每股收益(元/股),0.0,0.51,0.66,0.0,0.0,0.53,0.73,0.0,0.12,0.3,0.52,0.0,0.0,0.0,0.0,0.0,0.0,0.0,0.0,0.0,0.0,0.45,0.0,1.09,0.0,0.71,0.0,1.34,0.0,0.0,0.0,0.0,0.0,0.0,0.0,0.0,0.0,0.0,0.0,0.0,0.0,0.0,0.0,0.0,0.0,0.0,0.0,0.0,0.0,0.0,0.0
七、其他综合收益,0.0,0.0,0.0,0.0,0.0,0.0,0.0,0.0,0.0,0.0,0.0,-93.16,3771.35,1742.69,4898.62,6403.69,-936.22,-2280.6,-4815.4,-6756.88,691.5,-564.35,-1294.0,-1456.82,226.84,-756.94,-134.95,-424.35,160.98,840.34,1495.46,972.32,-596.99,-575.22,-116.8,1654.14,-209.67,118.87,74.31,359.24,528.02,414.26,866.49,191.1,-899.19,-1750.73,-5927.06,-1016.49,-23854.66,-607.81,-6926.51
八、综合收益总额,0.0,0.0,0.0,0.0,0.0,0.0,0.0,0.0,0.0,0.0,0.0,127879.18,31896.14,70420.83,113827.01,178479.09,58895.35,126283.84,193879.01,232783.86,56528.4,124833.77,208619.03,300537.18,95631.71,196984.41,302249.03,376154.07,92570.19,180477.08,272510.84,322727.04,62769.54,139059.59,194510.89,229610.22,54268.4,163462.75,297440.92,455166.18,259310.79,581370.39,927141.78,1331123.07,412491.57,821267.18,1079865.91,1281947.71,269565.72,587031.79,821217.99
归属于母公司所有者的综合收益总额,0.0,0.0,0.0,0.0,0.0,0.0,0.0,0.0,0.0,0.0,0.0,106544.7,28840.79,62313.72,101766.12,159424.52,47069.24,97545.49,149037.77,178633.16,44874.71,97815.57,163560.12,233431.13,74405.75,153032.8,233542.58,288716.88,75422.16,141296.53,211281.36,242908.96,46490.29,101294.72,143458.58,162628.5,44154.37,136916.37,250099.59,368301.42,220034.0,486518.05,781966.09,1113670.13,353673.03,693242.71,896175.09,1060021.5,255770.29,561512.1,783580.76
归属于少数股东的综合收益总额,0.0,0.0,0.0,0.0,0.0,0.0,0.0,0.0,0.0,0.0,0.0,21334.48,3055.34,8107.1,12060.89,19054.58,11826.11,28738.35,44841.24,54150.7,11653.69,27018.2,45058.91,67106.05,21225.96,43951.61,68706.44,87437.18,17148.03,39180.55,61229.48,79818.07,16279.25,37764.87,51052.32,66981.72,10114.03,26546.37,47341.34,86864.76,39276.79,94852.33,145175.69,217452.94,58818.54,128024.46,183690.82,221926.21,13795.43,25519.69,37637.23
