报表日期,2007-03-31,2007-06-30,2007-09-30,2007-12-31,2008-03-31,2008-06-30,2008-09-30,2008-12-31,2009-03-31,2009-06-30,2009-09-30,2009-12-31,2010-03-31,2010-06-30,2010-09-30,2010-12-31,2011-03-31,2011-06-30,2011-09-30,2011-12-31,2012-03-31,2012-06-30,2012-09-30,2012-12-31,2013-03-31,2013-06-30,2013-09-30,2013-12-31,2014-03-31,2014-06-30,2014-09-30,2014-12-31,2015-03-31,2015-06-30,2015-09-30,2015-12-31,2016-03-31,2016-06-30,2016-09-30,2016-12-31,2017-03-31,2017-06-30,2017-09-30,2017-12-31,2018-03-31,2018-06-30,2018-09-30,2018-12-31,2019-03-31,2019-06-30
一、营业总收入,14478.89,35744.64,52564.35,70698.1,16971.87,41559.23,60046.11,80143.22,19494.1,40431.78,63857.22,92796.7,22861.82,44028.22,68955.82,102284.47,52643.09,92004.27,137930.3,182761.4,45019.36,94252.84,141527.94,201439.1,59528.33,122617.58,169626.39,229640.77,52267.4,115002.52,180620.1,258498.76,73054.83,163569.8,242192.09,350036.21,96800.82,198301.48,292240.35,409285.3,112953.76,235043.61,351001.68,500200.27,123903.75,253873.21,384284.16,509459.62,119908.02,265297.07
营业收入,14478.89,35744.64,52564.35,70698.1,16971.87,41559.23,60046.11,80143.22,19494.1,40431.78,63857.22,92796.7,22861.82,44028.22,68955.82,102284.47,52643.09,92004.27,137930.3,182761.4,45019.36,94252.84,141527.94,201439.1,59528.33,122617.58,169626.39,229640.77,52267.4,115002.52,180620.1,258498.76,73054.83,163569.8,242192.09,350036.21,96800.82,198301.48,292240.35,409285.3,112953.76,235043.61,351001.68,500200.27,123903.75,253873.21,384284.16,509459.62,119908.02,265297.07
二、营业总成本,11408.74,25343.8,38826.88,52219.36,13687.59,32473.08,47893.21,63295.16,15824.62,32243.81,51951.98,75754.66,19647.95,38366.36,60857.46,92566.24,42751.81,75040.0,114048.09,153716.15,36051.61,75773.7,116889.63,166298.48,48015.55,97745.05,139058.29,192830.28,47089.29,102263.04,159385.08,228876.01,61859.45,137109.81,204904.67,301045.54,83011.97,173632.61,253511.49,358544.59,102178.68,207692.71,305242.3,427090.43,107961.65,230978.61,348791.9,492323.26,106933.79,230138.49
营业成本,7739.8,17734.54,27557.04,37706.36,8653.44,22222.55,33269.31,43004.0,10479.02,22291.31,37120.4,54100.18,13290.98,25361.68,40436.84,59352.89,32646.44,55539.67,83384.68,110330.14,26604.25,55612.52,85105.15,120322.84,35024.9,69778.08,96626.01,128925.85,30437.94,66231.46,102388.2,143007.36,41285.87,90630.96,129909.39,177748.99,52448.23,107359.12,152758.83,205266.51,55313.01,108052.48,157203.1,220266.8,56233.18,106335.56,152448.76,205047.59,51724.18,109579.95
营业税金及附加,119.77,308.62,481.85,585.01,133.59,318.0,457.16,584.68,165.37,354.89,606.58,867.68,220.93,351.44,547.75,747.75,1830.49,2181.95,3125.26,3310.57,306.14,561.53,885.05,1327.61,563.71,943.79,1344.41,1891.26,71.43,324.48,443.65,984.84,651.43,1151.0,1948.85,2751.3,680.61,1175.48,1712.42,4034.0,1421.44,3004.5,4450.39,6108.38,1523.71,3575.14,5210.91,5861.23,1563.17,3125.27
销售费用,423.11,910.57,1371.96,1745.69,571.4,1128.47,1727.52,2344.69,553.89,1176.21,1808.75,2716.13,934.88,2142.46,2981.77,4253.97,1030.2,2251.48,3534.74,4927.54,1097.99,3294.1,5291.12,8321.69,2302.58,5766.5,10443.04,15099.42,4529.63,10699.88,18637.97,27446.94,7225.33,17497.02,29785.31,44811.82,10240.38,25056.52,39547.08,61471.78,21304.77,44851.09,66368.04,90464.97,20099.41,54265.04,84923.06,129436.72,18666.56,46029.69
管理费用,2860.67,5244.04,8073.38,10444.55,3666.49,6983.62,10510.86,14831.88,4143.72,7745.5,11667.51,16652.66,5009.36,10171.6,16313.44,26807.93,6874.02,13756.67,21480.02,31441.54,7563.93,14636.55,23174.94,32254.4,8765.81,17834.31,27785.35,42220.71,10922.72,22475.87,34304.12,52584.11,12152.0,26230.83,42731.39,71417.13,18437.53,39085.49,58737.64,85952.71,22032.9,46718.46,68515.28,99994.22,24733.81,55991.2,58024.57,83976.12,19565.41,40916.7
财务费用,265.38,832.55,1139.08,1529.99,664.84,1537.57,1864.99,2375.71,385.88,552.62,583.47,856.5,147.06,312.18,528.93,689.33,199.09,760.65,1623.02,2618.97,475.0,1193.36,1888.04,3147.67,1146.39,2724.78,3131.19,3691.16,994.77,1621.23,2683.4,3077.79,192.38,402.45,-544.66,-581.77,1179.34,437.27,869.29,-802.58,1292.09,4134.41,7803.91,11033.12,4636.14,6790.04,10447.62,17372.72,5774.77,10939.36
资产减值损失,0.0,313.49,203.56,207.76,-2.17,282.85,63.37,154.21,96.73,123.28,165.27,561.52,44.74,27.01,48.73,714.36,171.58,549.57,900.38,1087.39,4.31,475.64,545.34,924.27,212.17,697.59,-271.71,1001.88,132.8,910.13,927.74,1774.98,352.45,1197.55,1074.4,4898.07,25.88,518.73,-113.76,2622.17,814.46,931.78,901.59,-777.06,735.4,4021.62,9532.49,10952.96,-197.67,0.0
公允价值变动收益,0.0,0.0,0.0,0.0,0.0,0.0,0.0,0.0,0.0,0.0,0.0,0.0,0.0,0.0,0.0,0.0,0.0,0.0,0.0,553.1,-213.42,-320.13,-444.51,-10.45,-190.86,-353.03,-379.55,1017.62,-476.73,-929.38,-1257.91,-1719.79,159.52,159.52,159.52,159.52,0.0,0.0,0.0,0.0,0.0,0.0,0.0,0.0,0.0,0.0,0.0,0.2,-0.2,2.41
投资收益,0.0,0.0,0.0,0.0,0.0,0.0,0.0,0.0,0.0,0.0,0.0,0.0,0.0,0.0,0.0,0.0,0.0,0.0,0.0,-2186.33,222.32,354.6,352.51,466.78,100.83,315.59,843.01,2156.65,1320.99,2402.39,2640.41,2833.16,114.51,149.87,156.71,159.76,4.16,47.53,47.54,49.1,1.3,24.63,168.76,-242.5,-358.3,-602.03,-912.0,-1646.85,-425.64,-1143.9
其中:对联营企业和合营企业的投资收益,0.0,0.0,0.0,0.0,0.0,0.0,0.0,0.0,0.0,0.0,0.0,0.0,0.0,0.0,0.0,0.0,0.0,0.0,0.0,0.0,0.0,0.0,0.0,0.0,0.0,0.0,0.0,0.0,0.0,0.0,0.0,0.0,0.0,0.0,0.0,0.0,0.0,0.0,0.0,0.0,0.0,0.0,19.23,-406.03,-358.3,-602.03,-922.48,-1657.33,-425.85,-1144.56
汇兑收益,0.0,0.0,0.0,0.0,0.0,0.0,0.0,0.0,0.0,0.0,0.0,0.0,0.0,0.0,0.0,0.0,0.0,0.0,0.0,0.0,0.0,0.0,0.0,0.0,0.0,0.0,0.0,0.0,0.0,0.0,0.0,0.0,0.0,0.0,0.0,0.0,0.0,0.0,0.0,0.0,0.0,0.0,0.0,0.0,0.0,0.0,0.0,0.0,0.0,0.0
三、营业利润,3070.15,10400.85,13737.47,18478.74,3284.27,9086.15,12152.9,16848.06,3669.48,8187.97,11905.24,17042.04,3213.88,5661.86,8098.36,9718.23,9891.28,16964.28,23882.21,27412.02,8976.64,18513.61,24546.3,35596.94,11422.75,24835.09,31031.55,39984.76,6022.37,14212.49,22617.51,30736.11,11469.41,26769.37,37603.65,49309.95,13793.01,24716.39,38776.39,50789.81,10776.38,27375.53,55680.78,79117.95,18352.2,26127.58,57714.12,47523.91,16811.15,43686.82
加:营业外收入,141.35,186.62,697.89,846.34,54.59,162.62,168.0,722.73,196.06,286.23,288.41,3160.85,1259.5,1712.48,2907.87,3494.18,0.43,128.93,245.82,549.28,102.62,1100.97,1251.48,5131.67,84.71,426.04,1854.09,2356.16,95.1,596.2,1100.6,1767.43,599.47,1666.13,2023.22,4151.44,182.76,4390.06,4859.26,6998.47,3574.35,5637.16,992.35,86.01,9.27,14.29,30.8,439.27,19.67,42.45
减：营业外支出,114.63,215.01,288.83,425.62,147.18,586.88,675.27,804.13,83.76,155.75,221.29,656.87,42.29,129.99,240.25,432.25,122.17,372.17,484.86,645.78,71.86,331.79,475.89,541.97,144.89,369.27,550.29,1111.01,271.85,419.21,786.53,1208.85,196.29,426.89,623.48,1082.43,279.0,437.87,734.59,1081.64,306.82,419.21,1114.73,1279.27,260.13,379.46,24368.93,32239.0,48.82,824.17
其中：非流动资产处置损失,0.0,14.29,25.64,47.48,11.58,303.77,297.37,359.26,25.36,36.68,42.54,155.46,3.87,39.39,69.99,103.94,28.04,146.51,191.69,214.2,14.03,53.52,130.49,147.02,79.32,114.14,188.63,274.86,96.87,117.71,217.44,292.61,74.95,149.35,195.39,381.31,56.06,112.57,171.73,309.59,170.88,259.55,894.65,0.0,0.0,0.0,0.0,0.0,0.0,0.0
四、利润总额,3096.87,10372.46,14146.53,18899.46,3191.69,8661.89,11645.63,16766.66,3781.79,8318.45,11972.36,19546.03,4431.08,7244.35,10765.98,12780.16,9769.53,16721.04,23643.17,27315.52,9007.41,19282.78,25321.89,40186.64,11362.57,24891.85,32335.35,41229.91,5845.62,14389.48,22931.58,31294.7,11872.59,28008.62,39003.38,52378.96,13696.77,28668.58,42901.06,56706.64,14043.9,32593.48,55558.4,77924.69,18101.33,25762.4,33376.0,15724.18,16781.99,42905.1
减：所得税费用,654.52,2943.46,3896.98,5694.84,52.45,946.17,2053.1,1780.95,309.94,1235.8,1943.07,3107.29,383.97,1322.7,1962.32,3427.01,2191.54,3593.23,4539.46,5906.64,1333.8,3049.98,3343.78,6337.23,1102.92,1678.32,2697.16,4887.68,433.74,1193.5,2257.02,5621.65,1856.22,4210.37,4827.15,8706.87,1576.28,3958.11,5869.67,11016.72,1578.23,4797.48,8110.13,15565.94,1906.11,2181.17,5378.08,2234.08,2760.11,7764.12
五、净利润,2442.34,7428.99,10249.55,13204.62,3139.23,7715.71,9592.53,14985.71,3471.84,7082.64,10029.29,16438.74,4047.11,5921.65,8803.65,9353.15,7577.99,13127.81,19103.71,21408.88,7673.61,16232.8,21978.11,33849.41,10259.65,23213.53,29638.19,36342.23,5411.88,13195.98,20674.56,25673.05,10016.37,23798.25,34176.23,43672.09,12120.48,24710.47,37031.39,45689.92,12465.67,27796.0,47448.27,62358.75,16195.22,23581.23,27997.92,13490.1,14021.88,35140.98
归属于母公司所有者的净利润,2447.44,7424.4,10245.41,13202.61,3167.78,7731.95,9620.66,15006.65,3500.47,7126.01,10098.11,16497.84,4052.24,5938.49,8821.68,9358.65,7580.47,13169.95,19209.88,21690.55,7700.82,16351.44,22138.41,34112.31,10142.55,22301.83,28453.73,35916.84,5245.62,12884.07,20239.99,26550.07,10034.56,23530.06,33543.39,44247.24,12179.11,25886.97,38532.29,50083.14,14006.96,29543.07,48528.99,63924.67,16186.03,22934.96,25537.99,10751.46,13559.66,33473.67
少数股东损益,-5.1,4.59,4.13,2.01,-28.55,-16.24,-28.13,-20.94,-28.63,-43.36,-68.82,-59.1,-5.13,-16.83,-18.03,-5.5,-2.48,-42.13,-106.17,-281.68,-27.21,-118.63,-160.3,-262.9,117.1,911.71,1184.45,425.39,166.26,311.91,434.56,-877.01,-18.19,268.19,632.84,-575.16,-58.63,-1176.51,-1500.9,-4393.22,-1541.29,-1747.07,-1080.72,-1565.92,9.19,646.28,2459.93,2738.64,462.22,1667.31
基本每股收益(元/股),0.11,0.32,0.45,0.57,0.14,0.26,0.32,0.5,0.12,0.24,0.34,0.55,0.14,0.13,0.2,0.21,0.17,0.24,0.36,0.4,0.14,0.3,0.4,0.63,0.19,0.31,0.38,0.48,0.07,0.16,0.26,0.34,0.13,0.3,0.43,0.56,0.15,0.25,0.38,0.49,0.14,0.29,0.47,0.62,0.16,0.18,0.2,0.09,0.11,0.27
稀释每股收益(元/股),0.11,0.32,0.45,0.57,0.14,0.26,0.32,0.5,0.12,0.24,0.34,0.55,0.14,0.13,0.2,0.21,0.17,0.24,0.36,0.4,0.14,0.3,0.4,0.62,0.19,0.31,0.38,0.48,0.07,0.16,0.26,0.34,0.13,0.3,0.43,0.56,0.15,0.25,0.38,0.49,0.14,0.28,0.47,0.62,0.16,0.18,0.2,0.09,0.11,0.27
七、其他综合收益,0.0,0.0,0.0,0.0,0.0,0.0,0.0,0.0,0.0,0.0,0.0,-162.68,-7.98,-155.23,-180.03,-52.08,-22.31,-56.17,-87.29,-68.25,-6.37,-6.9,-24.26,-14.82,-6.52,-46.91,-33.78,-23.88,30.44,11.97,16.31,-119.0,49.57,-11.64,504.3,827.09,-62.19,648.61,1011.97,2149.37,-127.38,-520.98,-982.67,-1216.09,-536.38,403.18,1410.24,1141.13,-556.39,14.54
八、综合收益总额,0.0,0.0,0.0,0.0,0.0,0.0,0.0,0.0,0.0,0.0,0.0,16276.06,4039.13,5766.42,8623.62,9301.07,7555.69,13071.64,19016.42,21340.63,7667.24,16225.91,21953.85,33834.59,10253.13,23166.62,29604.41,36318.35,5442.33,13207.95,20690.86,25554.05,10065.94,23786.61,34680.53,44499.17,12058.29,25359.07,38043.36,47839.29,12338.29,27275.02,46465.6,61142.66,15658.84,23984.41,29408.16,14631.22,13465.49,35155.52
归属于母公司所有者的综合收益总额,0.0,0.0,0.0,0.0,0.0,0.0,0.0,0.0,0.0,0.0,0.0,16335.16,4044.25,5783.26,8641.65,9306.57,7558.16,13113.78,19122.6,21622.31,7694.45,16344.54,22114.15,34097.48,10136.03,22254.92,28419.96,35892.97,5276.06,12896.04,20256.3,26431.07,10084.13,23518.42,34047.69,44855.23,12136.45,26370.92,39156.56,51411.94,13930.89,29235.32,47951.35,63218.54,15908.65,23227.01,26484.47,11466.57,13059.29,33484.18
归属于少数股东的综合收益总额,0.0,0.0,0.0,0.0,0.0,0.0,0.0,0.0,0.0,0.0,0.0,-59.1,-5.13,-16.83,-18.03,-5.5,-2.48,-42.13,-106.17,-281.68,-27.21,-118.63,-160.3,-262.9,117.1,911.71,1184.45,425.39,166.26,311.91,434.56,-877.01,-18.19,268.19,632.84,-356.05,-78.15,-1011.85,-1113.2,-3572.66,-1592.6,-1960.29,-1485.75,-2075.88,-249.82,757.4,2923.69,3164.65,406.2,1671.34
