报表日期,2007-03-31,2007-06-30,2007-09-30,2007-12-31,2008-03-31,2008-06-30,2008-09-30,2008-12-31,2009-03-31,2009-06-30,2009-09-30,2009-12-31,2010-03-31,2010-06-30,2010-09-30,2010-12-31,2011-03-31,2011-06-30,2011-09-30,2011-12-31,2012-03-31,2012-06-30,2012-09-30,2012-12-31,2013-03-31,2013-06-30,2013-09-30,2013-12-31,2014-03-31,2014-06-30,2014-09-30,2014-12-31,2015-03-31,2015-06-30,2015-09-30,2015-12-31,2016-03-31,2016-06-30,2016-09-30,2016-12-31,2017-03-31,2017-06-30,2017-09-30,2017-12-31,2018-03-31,2018-06-30,2018-09-30,2018-12-31,2019-03-31,2019-06-30
一、营业总收入,70811.35,168071.29,210308.82,239921.54,70999.16,144836.37,201791.47,361213.13,90353.3,167912.54,250067.96,412317.61,58909.55,102299.57,194363.61,303026.88,63910.02,81434.57,238207.15,459171.33,82712.26,114763.91,204346.13,358339.75,115267.99,235605.79,350861.38,675794.31,67642.04,111399.93,149267.3,441523.16,45929.0,127258.57,218285.91,465446.89,116650.88,733822.51,1017529.67,1419675.42,165316.31,411694.09,514967.32,765897.03,112736.64,766748.45,906350.68,1928584.78,677263.52,914084.68
营业收入,70811.35,168071.29,210308.82,239921.54,70999.16,144836.37,201791.47,361213.13,90353.3,167912.54,250067.96,412317.61,58909.55,102299.57,194363.61,303026.88,63910.02,81434.57,238207.15,459171.33,82712.26,114763.91,204346.13,358339.75,115267.99,235605.79,350861.38,675794.31,67642.04,111399.93,149267.3,441523.16,45929.0,127258.57,218285.91,465446.89,116650.88,733822.51,1017529.67,1419675.42,165316.31,411694.09,514967.32,765897.03,112736.64,766748.45,906350.68,1928584.78,677263.52,914084.68
二、营业总成本,47246.04,113611.91,145608.82,159047.35,52939.41,120491.93,176000.24,311269.06,70732.49,132193.28,196391.39,340251.49,50539.95,97579.94,179455.45,248963.17,62173.72,90140.33,215834.38,373533.3,80920.19,131829.14,215537.69,333673.6,92135.19,188702.68,312245.5,605065.32,91705.5,143138.45,195492.46,586719.92,70389.55,228181.76,406669.39,779712.54,125053.78,668259.35,911925.0,1308529.08,158316.9,358330.67,467694.17,706200.3,111086.66,660230.91,798665.78,1511598.53,446932.92,623778.4
营业成本,26506.75,67207.1,85179.76,97136.27,33213.8,86702.23,129401.06,238121.25,47189.7,85083.01,124310.44,244490.81,30179.3,55595.91,104252.46,139914.94,30615.78,42417.73,122654.17,217721.64,38547.71,57137.34,104268.19,167331.27,53764.86,105914.54,181939.16,398625.6,44655.65,69707.88,91962.83,343612.36,33555.42,106699.82,184348.94,365993.55,90944.17,504339.83,683333.17,1005658.26,129458.65,321120.88,406867.27,602738.62,93779.3,514459.86,623712.75,1098400.96,282207.99,401995.57
营业税金及附加,13323.36,30335.39,36612.67,28397.5,11699.39,17574.8,21577.47,34447.89,12373.87,24895.6,37407.97,47472.53,8803.24,13720.56,29537.51,38671.68,9806.29,11605.16,37024.31,61333.88,16627.67,23375.56,34074.52,42526.27,13428.18,29598.04,39077.09,75622.77,5048.75,9640.95,12647.48,30486.97,2909.39,8840.03,13744.5,34621.07,6659.0,112906.97,154332.18,179362.95,8427.94,22662.25,25900.71,43662.37,1098.94,79380.81,83344.79,262824.93,145911.44,179322.69
销售费用,925.29,2563.02,4210.61,5635.18,1397.47,2919.98,4681.49,6304.87,1113.52,2394.98,4371.2,7741.46,1507.5,3667.3,5468.29,7940.88,2389.7,3787.56,6804.85,11810.93,2497.16,4970.91,8078.05,12587.83,3433.92,7615.42,11468.07,18219.75,3798.27,6673.85,10313.03,16998.21,1778.91,5555.37,9726.85,18328.78,2223.86,3878.93,14262.7,24666.76,688.1,4994.71,7579.61,12194.19,2279.03,10724.26,13552.04,27049.57,3058.93,8061.92
管理费用,4359.19,10136.6,13452.83,20327.46,4201.91,8189.82,11931.83,18279.37,4568.2,8401.57,12503.4,17247.52,4366.46,8006.05,12365.45,17067.78,5814.32,10345.11,14475.46,19900.69,5331.8,10237.01,15618.06,20950.9,5970.74,11994.02,19834.61,27723.57,6711.8,12932.11,18885.15,26521.64,7793.39,13911.08,19176.36,28445.38,6297.45,12084.74,20820.5,27983.49,5421.3,12088.47,17624.76,25738.72,3935.38,24468.37,34402.27,55786.09,7638.77,18872.72
财务费用,2366.41,4550.24,7656.55,9772.51,3460.45,6132.37,9553.89,14327.6,5142.86,10901.05,18308.33,23374.42,5346.9,16042.46,28113.45,44912.82,13325.84,21721.21,34594.28,62270.35,17902.91,36344.17,53723.1,65135.09,15280.24,33647.56,60070.41,73285.1,31918.39,44628.48,61997.35,104129.69,24305.98,51495.52,88410.97,113026.89,18913.53,36235.69,59828.5,92588.25,14550.46,26820.75,39433.73,51277.19,9995.24,33107.63,46817.42,53765.39,8075.4,15525.5
资产减值损失,-234.95,-1180.43,-1503.58,-2221.57,-1033.61,-1027.27,-1145.5,-211.93,344.33,517.07,-509.95,-75.26,336.55,547.67,-281.71,455.08,221.8,263.55,281.31,495.82,12.93,-235.86,-224.23,25142.24,257.26,-66.9,-143.84,11588.53,-427.35,-444.82,-313.4,64971.06,46.47,41679.94,91261.77,219296.86,15.77,-1186.79,-20652.05,-21730.63,-229.56,-29356.4,-29711.91,-29410.79,-1.23,-1910.02,-3163.49,13771.6,0.0,0.0
公允价值变动收益,0.0,77.38,100.93,4.4,0.0,0.0,0.0,-4.4,0.0,0.0,0.0,0.0,0.0,0.0,0.0,0.0,0.0,0.0,0.0,0.0,0.0,0.0,0.0,0.0,0.0,0.0,0.0,0.0,0.0,0.0,0.0,-2.86,2.86,-191.6,-1040.03,-3359.45,-195.99,-182.0,10.0,-31.85,-523.25,-409.5,-341.25,-1310.4,-627.9,-1547.0,-1656.2,-1851.85,4833.02,3857.21
投资收益,1867.8,22728.69,23379.01,41331.45,2078.77,9952.97,10560.35,14987.59,263.05,356.95,1244.12,25236.17,8213.28,9273.49,9539.68,41159.91,16611.58,15159.47,14760.23,34341.89,17586.68,65908.12,65832.86,76674.78,-809.05,-2263.24,1864.36,2024.87,81943.73,84455.6,84898.46,129241.2,1864.2,5982.78,34412.01,62514.19,2012.9,1512.24,9336.39,57907.77,1242.07,1923.09,1846.83,4489.26,7261.3,48158.16,49050.41,47041.44,-3339.0,545.76
其中:对联营企业和合营企业的投资收益,0.46,6414.88,6463.9,7696.84,2078.77,1715.2,2083.65,3209.18,191.18,-542.01,-385.85,23681.26,7798.88,7658.4,7629.14,32029.88,-694.19,-2146.31,-2883.49,16630.13,16534.26,13522.03,13419.8,12862.13,-1593.56,-2969.46,-2969.46,-1980.31,-2969.46,-199.15,-2620.16,-5314.47,-880.49,-929.82,-4083.86,-10380.77,-341.8,-1803.65,-1324.54,2736.22,783.93,404.83,178.74,1438.09,7261.3,48144.51,48676.52,46619.1,-3339.0,-563.32
汇兑收益,0.0,0.0,0.0,0.0,0.0,0.0,0.0,0.0,0.0,0.0,0.0,0.0,0.0,0.0,0.0,0.0,0.0,0.0,0.0,0.0,0.0,0.0,0.0,0.0,0.0,0.0,0.0,0.0,0.0,0.0,0.0,0.0,0.0,0.0,0.0,0.0,0.0,0.0,0.0,0.0,0.0,0.0,0.0,0.0,0.0,0.0,0.0,0.0,0.0,0.0
三、营业利润,25433.11,77265.45,88179.94,122210.03,20138.52,34297.41,36351.59,64927.27,19883.86,36076.22,54920.7,97302.29,16582.89,13993.12,24447.85,95223.62,18347.88,6453.7,37133.0,119979.92,19378.74,48842.9,54641.29,101340.93,22323.74,44639.87,40480.24,72753.85,57880.27,52717.08,38673.3,-15958.42,-22593.5,-95132.01,-155011.49,-255110.91,-6586.0,66893.4,114951.07,169022.26,7718.23,54877.02,48778.73,63007.59,8297.03,153795.1,155745.53,464134.06,231868.19,294692.84
加:营业外收入,1552.82,2130.6,3508.23,5254.13,25.17,458.58,1946.63,5427.69,41.84,582.08,1518.73,4817.81,14.93,1147.5,3125.21,8143.56,93.96,326.49,1383.34,1394.39,38.69,179.34,2487.59,2566.41,14.32,2041.72,2161.1,3154.79,46.02,6523.66,6814.1,5562.83,4228.18,6757.08,6838.4,4877.48,2548.77,3793.32,5912.89,6650.79,2774.92,3486.73,4693.54,6543.62,34.89,1195.33,1313.87,8556.68,1399.59,1526.22
减：营业外支出,50.73,358.17,396.13,447.4,45.56,230.22,272.89,350.18,17.13,52.89,70.39,181.76,50.33,89.05,156.51,422.63,42.0,53.7,130.7,198.37,10.18,59.38,194.01,251.71,20.3,87.57,209.68,366.69,158.39,109.17,163.23,183.64,1.79,114.01,114.11,163.49,5.74,6.83,23.85,3041.36,26.48,28.61,165.01,232.84,24.21,1084.14,1161.97,2004.7,10.84,223.91
其中：非流动资产处置损失,0.0,0.0,0.0,25.56,0.0,0.0,0.0,61.73,0.0,0.0,0.0,71.06,0.0,12.94,6.33,23.07,1.4,0.0,7.26,7.37,0.17,3.78,4.14,9.17,0.16,3.06,3.06,15.16,11.32,72.79,72.79,105.39,0.0,3.23,3.23,11.84,0.64,0.64,2.31,1672.56,0.0,1.74,4.96,0.0,0.0,0.0,0.0,0.0,0.0,0.0
四、利润总额,26935.2,79037.89,91292.05,127016.76,20118.13,34525.77,38025.34,70004.78,19908.57,36605.41,56369.04,101938.34,16547.49,15051.56,27416.55,102944.55,18399.84,6726.5,38385.65,121175.94,19407.26,48962.86,56934.87,103655.63,22317.77,46594.03,42431.66,75541.95,57767.9,59131.57,45324.17,-10579.23,-18367.11,-88488.94,-148287.2,-250396.91,-4042.97,70679.88,120840.11,172631.68,10466.67,58335.13,53307.26,69318.37,8307.71,153906.29,155897.42,470686.04,233256.94,295995.16
减：所得税费用,9575.98,26959.57,31259.13,45243.77,6702.0,9745.94,11087.13,19113.18,6366.4,10345.82,15886.71,23652.26,2466.89,4391.33,10061.79,20623.4,4256.67,3408.4,14146.74,36519.66,5349.39,12304.48,18103.55,39055.29,8513.79,10482.28,13087.64,28246.54,22615.5,22954.13,23809.54,33515.18,521.61,1872.11,1886.51,29684.5,4042.34,59384.41,68832.73,83846.7,6195.15,11154.81,13602.91,17535.42,2003.99,46457.77,48137.32,145520.77,60734.11,80554.24
五、净利润,17359.22,52078.32,60032.92,81772.99,13416.13,24779.83,26938.2,50891.6,13542.17,26259.59,40482.33,78286.09,14080.6,10660.23,17354.77,82321.14,14143.17,3318.11,24238.9,84656.28,14057.87,36658.38,38831.32,64600.34,13803.98,36111.74,29344.01,47295.41,35152.4,36177.44,21514.63,-44094.41,-18888.73,-90361.05,-150173.71,-280081.41,-8085.31,11295.47,52007.38,88784.99,4271.52,47180.32,39704.35,51782.94,6303.72,107448.52,107760.1,325165.26,172522.82,215440.92
归属于母公司所有者的净利润,10166.77,34803.8,42142.87,60530.66,11627.73,22148.38,25102.07,46405.93,12183.86,23484.1,30858.16,63641.25,12913.99,8760.01,15088.75,70454.81,13101.66,2607.75,20992.21,75384.96,11685.55,32759.46,35028.31,56519.06,12072.63,34241.48,30129.63,40166.35,29856.64,30302.53,15383.08,-48855.51,-18945.64,-73900.13,-131561.25,-248707.27,-8380.74,-6156.63,29910.22,65545.82,1172.5,38069.01,29312.67,36677.23,4680.39,83351.06,81382.93,259240.8,131017.49,167170.18
少数股东损益,7192.45,17274.52,17890.04,21242.32,1788.4,2631.45,1836.13,4485.67,1358.31,2775.49,9624.18,14644.83,1166.61,1900.22,2266.01,11866.33,1041.51,710.35,3246.7,9271.32,2372.32,3898.93,3803.01,8081.28,1731.35,1870.27,-785.62,7129.06,5295.76,5874.91,6131.54,4761.1,56.91,-16460.92,-18612.46,-31374.14,295.42,17452.1,22097.16,23239.17,3099.01,9111.31,10391.68,15105.71,1623.33,24097.46,26377.17,65924.47,41505.33,48270.74
基本每股收益(元/股),0.15,0.384,0.465,0.67,0.107,0.204,0.231,0.4270000000000001,0.11,0.21600000000000005,0.284,0.58,0.11900000000000001,0.062,0.107,0.5,0.09,0.018000000000000002,0.14800000000000002,0.5329999999999999,0.083,0.21100000000000002,0.225,0.363,0.078,0.22,0.19399999999999998,0.258,0.192,0.162,0.08199999999999999,-0.262,-0.10099999999999999,-0.396,-0.705,-1.3319999999999999,-0.045,-0.033,0.16,0.35100000000000003,0.006,0.204,0.157,0.196,0.025,0.18,0.17300000000000001,0.55,0.258,0.27
稀释每股收益(元/股),0.15,0.384,0.465,0.67,0.107,0.204,0.231,0.4270000000000001,0.11,0.21600000000000005,0.284,0.58,0.11900000000000001,0.062,0.107,0.5,0.09,0.018000000000000002,0.14800000000000002,0.5329999999999999,0.083,0.21100000000000002,0.225,0.363,0.078,0.22,0.19399999999999998,0.258,0.192,0.162,0.08199999999999999,-0.262,-0.10099999999999999,-0.396,-0.705,-1.3319999999999999,-0.045,-0.033,0.16,0.35100000000000003,0.006,0.204,0.157,0.196,0.025,0.18,0.17300000000000001,0.55,0.258,0.27
七、其他综合收益,0.0,0.0,0.0,0.0,0.0,0.0,0.0,0.0,0.0,0.0,0.0,-25.19,0.0,0.0,0.0,-1592.22,1292.6,-1954.67,-4090.61,-7488.17,5044.3,7538.41,7433.14,9762.17,-758.75,-3448.23,4269.57,2480.52,1719.73,-4528.04,-1138.13,-1088.84,13493.74,22735.03,10056.01,12575.66,-9889.81,-7471.18,-11115.18,-13681.45,-325.97,-699.46,-369.75,-1470.72,-278.92,-2219.98,-2709.96,-3642.37,0.0,0.0
八、综合收益总额,0.0,0.0,0.0,0.0,0.0,0.0,0.0,0.0,0.0,0.0,0.0,78260.89,14080.6,10660.23,17354.77,80728.92,15435.77,1363.44,20148.29,77168.11,19102.17,44196.79,46264.46,74362.51,13045.23,32663.51,33613.58,49775.93,36872.13,31649.39,20376.49,-45183.25,-5394.99,-67626.02,-140117.71,-267505.75,-17975.12,3824.29,40892.2,75103.53,3945.54,46480.86,39334.6,50312.23,6024.8,105228.54,105050.13,321522.89,172522.82,215440.92
归属于母公司所有者的综合收益总额,0.0,0.0,0.0,0.0,0.0,0.0,0.0,0.0,0.0,0.0,0.0,63616.14,12913.99,8760.01,15088.75,68862.59,14394.26,653.09,16901.59,67896.79,16729.85,40297.86,42461.46,66281.23,11313.88,30793.25,34399.2,42646.87,31576.38,25774.49,14244.95,-49944.35,-5451.9,-51165.1,-121505.25,-236131.61,-18270.54,-13627.81,18795.04,51864.36,846.53,37369.55,28942.92,35206.51,4401.46,81131.07,78672.97,255598.42,131017.49,167170.18
归属于少数股东的综合收益总额,0.0,0.0,0.0,0.0,0.0,0.0,0.0,0.0,0.0,0.0,0.0,14644.75,1166.61,1900.22,2266.01,11866.33,1041.51,710.35,3246.7,9271.32,2372.32,3898.93,3803.01,8081.28,1731.35,1870.27,-785.62,7129.06,5295.76,5874.91,6131.54,4761.1,56.91,-16460.92,-18612.46,-31374.14,295.42,17452.1,22097.16,23239.17,3099.01,9111.31,10391.68,15105.71,1623.33,24097.46,26377.17,65924.47,41505.33,48270.74
