报表日期,2007-03-31,2007-06-30,2007-09-30,2007-12-31,2008-03-31,2008-06-30,2008-09-30,2008-12-31,2009-03-31,2009-06-30,2009-09-30,2009-12-31,2010-03-31,2010-06-30,2010-09-30,2010-12-31,2011-03-31,2011-06-30,2011-09-30,2011-12-31,2012-03-31,2012-06-30,2012-09-30,2012-12-31,2013-03-31,2013-06-30,2013-09-30,2013-12-31,2014-03-31,2014-06-30,2014-09-30,2014-12-31,2015-03-31,2015-06-30,2015-09-30,2015-12-31,2016-03-31,2016-06-30,2016-09-30,2016-12-31,2017-03-31,2017-06-30,2017-09-30,2017-12-31,2018-03-31,2018-06-30,2018-09-30,2018-12-31,2019-03-31
一、营业总收入,22592.5,51191.32,78730.36,760325.81,583922.99,1385581.97,2093947.71,2741153.14,472025.14,924990.24,1529276.81,2184398.06,738116.19,1659410.16,2539947.66,3521255.77,945967.03,1994910.76,3004431.5,4022800.9,866338.13,1789728.21,2699257.75,3561662.71,866030.21,1699191.71,2528304.1,3371077.38,853199.66,1632560.87,2669788.45,3237029.4,625266.01,1228493.18,1807940.87,2537101.36,566527.5,1231103.11,2144227.38,3046149.92,1006856.67,2261401.25,3551025.81,4996701.36,1250458.0,2519479.52,4078795.03,5696330.2,1350455.87
营业收入,22592.5,51191.32,78730.36,760325.81,583922.99,1385581.97,2093947.71,2741153.14,472025.14,924990.24,1529276.81,2184398.06,738116.19,1659410.16,2539947.66,3521255.77,945967.03,1994910.76,3004431.5,4022800.9,866338.13,1789728.21,2699257.75,3561662.71,866030.21,1699191.71,2528304.1,3371077.38,853199.66,1632560.87,2669788.45,3237029.4,625266.01,1228493.18,1807940.87,2537101.36,566527.5,1231103.11,2144227.38,3046149.92,1006856.67,2261401.25,3551025.81,4996701.36,1250458.0,2519479.52,4078795.03,5696330.2,1350455.87
二、营业总成本,21553.21,48434.65,74304.08,717848.86,556908.69,1325783.61,2005502.31,2649636.76,469160.57,918980.86,1513061.15,2167911.35,723879.9,1627260.81,2504567.72,3484492.25,930988.15,1968531.84,2968187.66,4009006.6,899326.35,1842090.21,2801465.02,3696341.71,879942.75,1729348.4,2552968.99,3362396.34,856503.0,1634491.73,2653934.34,3198146.86,642686.48,1250346.12,1848922.18,2588321.42,584219.1,1224078.87,2127619.17,2997468.16,974369.84,2197127.46,3393961.53,4600499.96,1147859.91,2242094.42,3568969.6,5044546.74,1269136.46
营业成本,19225.62,43809.59,67488.68,675754.65,528086.12,1263227.11,1912368.98,2466705.87,438366.46,861298.01,1428921.0,2047948.99,693697.29,1565429.82,2401564.44,3313209.47,891445.35,1888996.91,2850497.36,3845214.13,863386.69,1756093.03,2673605.37,3518771.13,840031.81,1636195.95,2418124.19,3197780.93,820697.57,1545286.21,2526784.1,3003032.62,611828.71,1172766.85,1737623.26,2450344.3,548806.63,1150529.72,2022627.23,2851633.75,940848.25,2126619.17,3283252.57,4448722.69,1120881.8,2176256.01,3468273.39,4876822.98,1229939.07
营业税金及附加,0.56,1.36,4.98,5164.11,3422.5,9084.61,11843.88,13104.53,1844.68,3522.52,5925.79,8853.58,1440.05,3555.19,5843.51,10288.04,418.78,1109.86,1538.85,7781.95,2304.26,4163.44,4248.49,10862.47,738.89,3631.79,5136.94,9753.88,814.14,5201.66,7484.11,10885.6,1016.05,3141.25,5061.43,7004.45,1550.08,4031.21,6471.44,15218.13,4831.42,11444.54,19238.43,27418.35,9247.56,18655.15,28544.48,36473.94,7842.48
销售费用,1311.0,2786.97,4233.23,11306.28,7025.03,14604.8,19920.57,32912.61,4898.85,11435.62,16655.7,23906.08,5872.43,16037.58,25536.43,34221.56,6562.12,15627.84,23535.85,33183.46,6441.31,15220.82,22387.15,32580.41,6322.71,14883.19,22768.21,34920.49,8024.44,23181.81,33157.54,44403.64,7115.71,14170.3,21551.92,28351.48,6860.48,13990.55,20637.9,28246.49,6137.58,12960.5,19686.82,26945.11,6427.58,13425.02,20685.6,29414.42,8028.7
管理费用,346.68,694.87,1037.39,18079.05,8336.13,18665.67,30668.92,83263.95,15241.26,22909.62,31205.48,59042.44,13334.59,21687.84,39196.17,75398.16,18950.52,35228.8,51168.95,68074.58,16518.68,34168.23,47242.75,66081.62,14312.52,29421.83,43635.73,60907.38,14097.87,31234.31,48068.46,91860.52,13267.93,30425.54,43020.11,52682.27,12419.61,24207.56,35315.46,46376.25,11197.45,23660.24,45007.92,66047.87,6003.92,22331.04,22129.2,31193.2,6320.42
财务费用,272.36,625.26,1063.24,7102.47,10984.46,20688.39,31136.23,41296.42,8424.48,18805.24,29297.02,24996.38,8957.48,18196.48,30119.4,46501.7,13664.11,28437.75,42680.25,55500.06,10618.54,26911.83,48355.01,58859.79,18022.18,34368.62,52327.71,44621.4,12797.63,24027.9,32615.37,44848.67,9495.43,23882.35,35319.91,46163.5,11326.51,24411.02,35164.04,47643.54,10509.97,21966.3,26157.64,29629.89,2215.92,8426.37,7647.23,14730.54,834.88
资产减值损失,397.0,516.6,476.56,442.31,-945.55,-486.96,-436.27,12353.38,384.84,1009.84,1056.16,3163.88,578.07,2353.9,2307.77,4873.32,-52.74,-869.31,-1233.6,-747.59,56.87,5532.87,5626.24,9186.28,514.65,10847.02,10976.21,14412.24,71.35,5559.83,5824.76,3115.81,-37.36,5959.82,6345.55,3775.42,3255.8,6908.82,7403.1,8350.0,845.17,476.7,618.15,1736.05,3083.13,3000.83,2701.92,2566.63,3488.21
公允价值变动收益,0.0,0.0,0.0,0.0,0.0,0.0,0.0,0.0,0.0,0.0,0.0,0.0,0.0,0.0,0.0,0.0,0.0,0.0,0.0,0.0,0.0,0.0,0.0,0.0,0.0,0.0,0.0,0.0,0.0,0.0,0.0,0.0,0.0,0.0,0.0,0.0,0.0,0.0,0.0,85.27,92.1,-85.27,-85.27,-85.27,-119.22,-15.64,-7.88,-4.03,7.6
投资收益,20.97,245.16,266.68,316.83,33.96,87.21,2.69,237.26,19.45,-152.73,-128.09,533.98,218.24,554.84,540.85,529.62,2.23,-469.54,-1181.69,-1988.84,-1236.29,-1775.88,-1419.53,-1210.67,-149.77,126.25,25.06,33.98,-48.09,-167.74,-270.32,-294.92,-628.5,-876.55,-212.16,44415.81,134.27,1489.8,1706.12,2098.06,586.57,3535.08,3588.74,4669.22,298.3,1458.94,2288.53,4511.4,2356.94
其中:对联营企业和合营企业的投资收益,0.0,245.16,266.68,105.83,33.96,87.21,0.0,237.26,0.0,0.0,0.0,533.98,0.0,0.0,0.0,528.25,0.0,0.0,0.0,-846.89,0.0,-1775.88,0.0,-2137.44,0.0,126.25,0.0,-202.2,0.0,-167.74,0.0,-335.77,0.0,0.0,0.0,-1772.38,0.0,-381.13,0.0,41.89,0.0,605.25,655.83,835.24,298.81,548.93,503.24,1164.95,341.9
汇兑收益,0.0,0.0,0.0,0.0,0.0,0.0,0.0,0.0,0.0,0.0,0.0,0.0,0.0,0.0,0.0,0.0,0.0,0.0,0.0,0.0,0.0,0.0,0.0,0.0,0.0,0.0,0.0,0.0,0.0,0.0,0.0,0.0,0.0,0.0,0.0,0.0,0.0,0.0,0.0,0.0,0.0,0.0,0.0,0.0,0.0,0.0,0.0,0.0,0.0
三、营业利润,1060.26,3001.82,4692.96,42793.78,27048.26,59885.57,88448.09,91753.64,2884.02,5856.64,16087.57,17020.69,14454.53,32704.19,35920.8,37293.15,14981.11,25909.38,35062.15,11805.46,-34224.51,-54137.88,-103626.8,-135889.66,-14062.31,-30030.44,-24639.83,8715.02,-3351.43,-2098.59,15583.79,38587.62,-18048.97,-22729.49,-41193.46,-6804.25,-17557.32,8514.05,18314.33,50865.08,33165.49,67723.61,160567.76,411437.27,105841.13,285567.4,521096.42,667466.09,86067.95
加:营业外收入,0.0,9.69,39.69,2267.78,261.14,652.79,1321.21,5381.43,452.93,701.12,1874.29,3526.46,323.81,685.15,1187.3,6995.83,207.13,687.47,1179.05,7192.27,521.06,1470.34,1937.66,4680.73,336.1,1887.68,3003.46,8340.2,1350.15,2160.84,5358.86,9983.13,1170.13,4513.11,7672.43,10048.2,2771.79,5881.43,8798.91,12691.75,2357.83,5053.45,8293.04,934.53,66.18,147.66,192.01,306.23,46.21
减：营业外支出,0.18,0.18,1.04,1264.15,756.96,1796.63,2696.42,4165.94,85.49,141.23,321.59,1546.09,31.97,34.38,64.85,1434.19,457.35,735.86,750.06,1630.78,7.52,71.72,234.86,3062.5,44.06,155.99,223.85,1976.25,79.69,210.81,1907.48,2006.22,47.2,62.69,75.55,161.62,32.76,138.3,172.33,2142.64,3.74,54.62,99.6,6444.43,232.53,515.66,555.08,3985.41,13.41
其中：非流动资产处置损失,0.0,0.18,1.04,489.74,3.14,3.69,212.61,3291.61,5.18,0.0,80.41,1300.26,0.79,0.79,2.63,1353.32,1.47,1.47,5.42,882.7,0.0,57.71,220.61,2484.58,36.93,36.93,36.93,1723.62,0.0,67.35,78.11,112.76,2.33,3.05,3.05,10.56,29.22,130.61,148.76,2102.24,1.32,5.58,30.12,0.0,0.0,103.27,0.0,0.0,0.0
四、利润总额,1060.08,3011.34,4731.61,43797.4,26552.44,58741.73,87072.88,92969.13,3251.47,6416.53,17640.26,19001.07,14746.37,33354.97,37043.24,42854.79,14730.88,25860.99,35491.14,17366.94,-33710.97,-52739.26,-101924.0,-134271.44,-13770.27,-28298.75,-21860.22,15078.96,-2080.97,-148.56,19035.18,46564.53,-16926.03,-18279.08,-33596.58,3082.34,-14818.3,14257.17,26940.91,61414.2,35519.58,72722.45,168761.2,405927.37,105674.77,285199.4,520733.35,663786.91,86100.74
减：所得税费用,342.36,776.76,866.1,13095.64,7056.33,11084.29,17851.19,21950.76,555.49,1880.53,2471.29,119.88,597.06,5183.77,5756.87,4208.16,643.43,3051.58,3784.72,-911.31,-8007.66,-14596.51,-25676.57,-30494.03,-2407.4,-6020.55,-5232.84,2792.5,-170.49,666.84,3634.96,3750.91,-5284.09,-4900.45,-9173.51,-2362.25,-4829.4,3676.86,268.64,10162.77,7812.24,13699.96,28132.0,91986.27,18396.55,68704.95,125329.03,72461.04,11005.88
五、净利润,717.72,2234.59,3865.51,30701.76,19496.1,47657.43,69221.69,71018.37,2695.97,4536.0,15168.97,18881.19,14149.31,28171.2,31286.38,38646.63,14087.45,22809.41,31706.42,18278.25,-25703.31,-38142.74,-76247.44,-103777.41,-11362.87,-22278.21,-16627.39,12286.46,-1910.48,-815.41,15400.22,42813.62,-11641.94,-13378.62,-24423.07,5444.59,-9988.9,10580.32,26672.28,51251.43,27707.34,59022.49,140629.2,313941.1,87278.21,216494.45,395404.31,591325.87,75094.86
归属于母公司所有者的净利润,717.72,2234.59,3865.51,25191.48,19243.53,47165.09,68367.55,69774.77,2606.08,4203.46,14730.59,18028.44,13952.55,27337.68,29911.55,36607.67,13668.02,22101.45,30650.33,17040.99,-26029.9,-38716.42,-77037.61,-104443.83,-11613.88,-22657.59,-17465.74,10959.9,-2220.74,-1898.41,13559.5,40642.94,-11791.32,-13735.85,-24487.0,6055.96,-9182.45,11081.22,27595.22,50292.27,27204.48,57191.04,137523.73,311062.22,86983.99,215876.01,394828.47,590512.54,74937.47
少数股东损益,0.0,0.0,0.0,377.24,252.57,492.35,854.14,1023.16,89.89,332.54,438.38,852.75,196.76,833.52,1374.83,2038.96,419.43,707.96,1056.09,1237.26,326.6,573.68,790.17,666.42,251.01,379.39,838.36,1326.56,310.26,1083.01,1840.72,2170.68,149.38,357.22,63.93,-611.37,-806.45,-500.9,-922.94,959.16,502.87,1831.45,3105.47,2878.87,294.22,618.44,575.84,813.33,157.4
基本每股收益(元/股),0.037,0.116,0.2,0.55,0.14,0.34,0.49,0.5,0.02,0.03,0.11,0.13,0.1,0.2,0.21,0.26,0.1,0.16,0.22,0.12,-0.19,-0.28,-0.55,-0.75,-0.08,-0.16,-0.12,0.08,-0.02,-0.01,0.1,0.29,-0.08,-0.1,-0.18,0.0435,-0.07,0.0795,0.2,0.1805,0.1,0.205,0.49,1.09,0.273,0.677,1.238,1.8519,0.24
稀释每股收益(元/股),0.037,0.116,0.2,0.55,0.14,0.34,0.48,0.46,0.02,0.02,0.09,0.11,0.09,0.18,0.2,0.26,0.09,0.15,0.21,0.12,-0.13,-0.28,-0.55,-0.75,-0.08,-0.16,-0.12,0.08,-0.02,-0.01,0.1,0.29,-0.08,-0.1,-0.18,0.0435,-0.07,0.0795,0.2,0.1805,0.1,0.205,0.49,1.09,0.266,0.677,1.238,1.8519,0.24
七、其他综合收益,0.0,0.0,0.0,0.0,0.0,0.0,0.0,0.0,0.0,0.0,0.0,17.51,0.0,0.0,0.0,0.0,0.0,0.0,0.0,0.0,0.0,0.0,0.0,0.0,0.0,0.0,0.0,-76.38,0.0,54.94,0.0,22.76,25.87,-20.68,0.0,473.3,-47.06,196.82,248.41,904.58,-114.21,-439.18,-823.96,-1117.33,-654.27,107.7,887.63,658.23,-293.34
八、综合收益总额,0.0,0.0,0.0,0.0,0.0,0.0,0.0,0.0,0.0,0.0,0.0,18898.7,0.0,0.0,0.0,38646.63,0.0,0.0,0.0,18278.25,0.0,-38142.74,0.0,-103777.41,0.0,-22278.21,0.0,12210.08,0.0,-760.46,0.0,42836.37,-11616.07,-13399.3,0.0,5917.89,-10035.96,10777.14,26920.69,52156.01,27593.14,58583.31,139805.24,312823.76,86623.95,216602.15,396291.95,591984.11,74801.53
归属于母公司所有者的综合收益总额,0.0,0.0,0.0,0.0,0.0,0.0,0.0,0.0,0.0,0.0,0.0,18045.95,0.0,0.0,0.0,36607.67,0.0,0.0,0.0,17040.99,0.0,-38716.42,0.0,-104443.83,0.0,-22657.59,0.0,10883.52,0.0,-1843.47,0.0,40665.7,-11765.45,-13756.52,0.0,6529.26,-9229.51,11278.04,27843.63,51196.85,27090.27,56751.86,136699.78,309944.89,86329.72,215983.7,395716.11,591170.77,74644.13
归属于少数股东的综合收益总额,0.0,0.0,0.0,0.0,0.0,0.0,0.0,0.0,0.0,0.0,0.0,852.75,0.0,0.0,0.0,2038.96,0.0,0.0,0.0,1237.26,0.0,573.68,0.0,666.42,0.0,379.39,0.0,1326.56,0.0,1083.01,0.0,2170.68,149.38,357.22,0.0,-611.37,-806.45,-500.9,-922.94,959.16,502.87,1831.45,3105.47,2878.87,294.22,618.44,575.84,813.33,157.4
