报表日期,2007-03-31,2007-06-30,2007-09-30,2007-12-31,2008-03-31,2008-06-30,2008-09-30,2008-12-31,2009-03-31,2009-06-30,2009-09-30,2009-12-31,2010-03-31,2010-06-30,2010-09-30,2010-12-31,2011-03-31,2011-06-30,2011-09-30,2011-12-31,2012-03-31,2012-06-30,2012-09-30,2012-12-31,2013-03-31,2013-06-30,2013-09-30,2013-12-31,2014-03-31,2014-06-30,2014-09-30,2014-12-31,2015-03-31,2015-06-30,2015-09-30,2015-12-31,2016-03-31,2016-06-30,2016-09-30,2016-12-31,2017-03-31,2017-06-30,2017-09-30,2017-12-31,2018-03-31,2018-06-30,2018-09-30,2018-12-31,2019-03-31,2019-06-30,2019-09-30,2019-12-31,2020-03-31,2020-06-30,2020-09-30,2020-12-31,2021-03-31
一、营业总收入,1047100.0,2274401.9,3721575.8,4973892.1,1275627.8,2576023.8,3967582.7,5296999.8,1124352.0,2240502.5,3645936.0,5109536.9,1469636.8,3430767.3,5913404.9,8096267.7,2125109.5,4513035.8,7327453.0,9713911.1,2289490.5,4756035.3,7630983.7,9984055.1,2271903.1,4585831.3,7378698.8,9762825.3,2441884.3,4911730.1,7891149.8,10482568.3,2526151.3,5111514.2,8238102.7,10892911.4,2638881.1,5352445.8,8544765.0,11396399.0,2896898.2,5815498.9,9299578.7,12136289.9,3160675.4,6424232.2,10288009.5,13677440.3,3255401.9,6531308.7,10307717.2,13618069.0,1725575.7,2964576.6,4845405.0,6950374.9,1458067.8
营业收入,1047100.0,2274401.9,3721575.8,4973892.1,1275627.8,2576023.8,3967582.7,5296999.8,1124352.0,2240502.5,3645936.0,5109536.9,1469636.8,3430767.3,5913404.9,8096267.7,2125109.5,4513035.8,7327453.0,9713911.1,2289490.5,4756035.3,7630983.7,9984055.1,2271903.1,4585831.3,7378698.8,9762825.3,2441884.3,4911730.1,7891149.8,10482568.3,2526151.3,5111514.2,8238102.7,10892911.4,2638881.1,5352445.8,8544765.0,11396399.0,2896898.2,5815498.9,9299578.7,12136289.9,3160675.4,6424232.2,10288009.5,13677440.3,3255401.9,6531308.7,10307717.2,13618069.0,1725575.7,2964576.6,4845405.0,6950374.9,1458067.8
二、营业总成本,1043500.0,2165663.4,3379077.8,4611546.5,1203906.8,2504447.9,4013823.1,5518213.4,1102348.4,2245147.4,3594077.4,5025217.9,1350037.9,3140910.4,5082524.5,7201473.2,1942278.5,4048841.6,6384818.4,8935920.3,2271113.0,4625008.3,7090150.7,9453315.6,2257543.8,4479204.8,6911000.0,9449435.2,2453715.9,4967950.5,7616827.2,10179274.4,2317225.0,4684476.4,7559970.0,10227093.9,2314906.9,4932777.7,7633203.8,10487079.5,2645526.1,5317641.9,8085857.1,11173457.4,2823023.9,6139326.0,9663346.4,13155101.5,2958795.3,6297241.2,9746992.2,13126230.8,2382324.3,4170010.6,6147126.7,8582500.9,2309855.8
营业成本,912300.0,1911161.8,2946124.4,4030762.4,1113949.6,2313413.1,3645780.8,4860651.2,939432.3,1897577.3,3025854.0,4194711.6,1156985.7,2695141.3,4410089.2,6100480.0,1712017.7,3580396.0,5611288.0,7669243.5,1949587.4,3938519.3,6016274.5,8077414.5,1967648.2,3953070.4,6078505.3,8264565.2,2073273.9,4229922.2,6531771.4,8784125.1,1954914.1,4011069.9,6197069.6,8369489.8,2003127.0,4116041.2,6426966.5,8720270.8,2343530.7,4766396.3,7288906.6,10029828.1,2660272.6,5425209.6,8406922.7,11513181.5,2693604.2,5477680.0,8322825.4,11324584.5,1936553.6,3416159.9,5294563.2,7563105.3,1924129.7
营业税金及附加,25400.0,54609.0,90557.3,120508.2,31481.3,62379.6,96250.9,108513.7,27196.1,54366.3,90201.4,150506.2,34570.7,66210.4,117664.9,160773.4,48438.6,102809.8,168232.1,224145.9,53014.1,109204.5,164656.2,172811.5,7008.2,17657.1,25827.8,30851.2,3976.1,8440.7,14134.3,18801.6,4608.9,11124.7,19416.8,27419.0,7750.2,13742.6,20897.0,29397.2,6281.8,15888.2,22029.0,30057.4,3498.4,11003.2,16308.6,26310.8,4716.1,13299.0,18675.0,27363.5,4203.9,9362.5,15303.3,21658.4,5885.6
销售费用,58600.0,137068.0,229099.3,329095.9,80044.9,161046.1,237261.2,328164.8,81269.6,164042.4,267587.7,381251.2,96378.9,242175.5,413221.4,550342.7,149384.2,308058.7,488777.1,652102.5,160167.5,328020.7,507080.6,689447.4,164396.4,339774.2,533474.8,719933.7,172111.9,359708.5,549733.5,743429.9,168369.2,332519.2,493250.2,614791.3,145311.5,285125.3,423940.8,559495.6,152811.5,307163.5,467438.6,611342.7,149815.9,306258.6,475043.6,634810.7,165550.5,332239.2,490115.2,663723.9,106417.0,197042.6,296756.8,436560.9,109586.1
管理费用,25500.0,50145.2,76077.5,131159.8,24427.4,67330.3,102993.5,157423.6,28547.7,68481.6,112780.5,162031.1,38996.8,95941.0,158176.8,234004.0,59728.6,128622.2,204063.4,330724.1,68949.1,141493.1,217495.1,317788.3,72225.8,145056.6,221453.5,307332.9,73240.7,149630.5,229560.3,321801.4,75371.0,169615.8,282331.9,402352.2,96380.7,189603.1,298246.8,403154.5,92596.5,195570.9,298445.3,437310.6,109211.3,221071.8,335187.7,467565.1,105292.4,207528.7,318941.2,444525.9,90265.9,179766.2,273701.9,412294.5,105656.7
财务费用,21700.0,12679.4,37219.3,-5261.9,-45996.4,-99633.2,-69354.3,37571.3,25902.7,60679.8,97653.8,120593.1,23105.8,28819.2,-29269.3,-53952.5,-27290.6,-73049.4,-139078.4,-154977.3,39394.9,130790.6,207685.1,219953.8,46256.2,21832.1,49889.5,77676.1,131139.4,219524.6,302057.6,324091.5,113767.2,158894.1,566222.0,794853.1,61674.3,329081.5,463696.2,749377.2,49691.5,31355.1,6633.8,5317.8,-99716.0,190021.8,452227.7,527627.3,-11293.6,258714.6,582839.8,616896.7,232960.5,351219.0,244462.3,130942.8,161572.8
资产减值损失,0.0,0.0,0.0,5282.1,0.0,-88.0,891.0,25888.8,0.0,0.0,0.0,16124.7,0.0,12623.0,12641.5,209825.6,0.0,2004.3,51536.2,214681.6,0.0,-23019.9,-23040.8,-24099.9,9.0,1814.4,1849.1,49076.1,-26.1,724.0,-10429.9,-12975.1,194.6,1252.7,1679.5,18188.5,663.2,-816.0,-543.5,25384.2,614.1,1267.9,2403.8,59600.8,-58.3,44.0,44.0,1338.9,0.0,0.0,0.0,0.0,0.0,0.0,0.0,0.0,0.0
公允价值变动收益,25700.0,25385.8,19539.0,13384.0,1930.0,8488.6,-97907.8,-770689.4,99228.4,152107.8,207471.2,275958.0,93820.2,57696.9,109551.4,174351.5,9482.4,3932.6,7720.8,3374.4,45.0,354.4,595.3,460.3,-401.1,-95.4,-304.5,31.0,-20.4,-42.3,433.5,720.0,289.0,370.4,668.2,563.4,7.8,-11.0,-4.7,-27.9,8.2,8.9,30.4,-6.0,436.4,205.8,32.3,6.0,0.0,0.0,0.0,0.0,0.0,0.0,0.0,0.0,0.0
投资收益,22100.0,35427.4,90686.6,123565.5,36427.0,61377.0,51706.6,-115213.9,-95679.0,31112.5,46026.7,61044.9,40629.5,189020.9,278792.0,357286.3,32437.8,64010.1,122402.8,133653.2,514.0,-19217.7,19202.8,38288.6,7359.5,17050.1,58305.3,82508.7,4414.1,24684.9,65287.5,87715.6,19039.5,65139.6,116435.3,167598.8,33069.0,29257.6,51879.2,8785.1,-14159.2,-36402.1,-25295.9,-30781.7,13348.4,37813.1,97451.7,136813.9,30991.1,29216.3,98087.4,53835.7,-123800.0,-287122.3,-366632.6,-591615.5,-104767.3
其中:对联营企业和合营企业的投资收益,0.0,35202.4,90439.2,113102.4,21885.4,-6645.8,-32784.8,-118214.1,-895.1,31112.5,46028.1,60660.5,40429.5,173945.4,262895.4,340557.4,32437.8,0.0,122252.8,133167.0,514.0,-14819.3,18953.3,42857.9,7368.2,16861.1,57988.4,82278.7,4378.6,24463.0,64872.3,87384.9,18950.8,64884.8,113386.5,162019.7,31567.4,25946.3,46781.6,0.0,-15377.0,-40084.8,-30656.7,-37626.3,12425.9,19277.6,77245.4,74879.6,29735.3,25776.2,93392.1,47525.9,-125295.1,-290391.4,-371322.9,-599315.1,-106254.6
汇兑收益,0.0,0.0,0.0,0.0,0.0,0.0,0.0,0.0,0.0,0.0,0.0,0.0,0.0,0.0,0.0,0.0,0.0,0.0,0.0,0.0,0.0,0.0,0.0,0.0,0.0,0.0,0.0,0.0,0.0,0.0,0.0,0.0,0.0,0.0,0.0,0.0,0.0,0.0,0.0,0.0,0.0,0.0,0.0,0.0,0.0,0.0,0.0,0.0,0.0,0.0,0.0,0.0,0.0,0.0,0.0,0.0,0.0
三、营业利润,51400.0,169551.7,452723.6,499295.1,110078.0,141441.5,-92441.6,-1107116.9,25553.0,178575.4,305356.5,421321.9,254048.6,536574.7,1219223.8,1426432.3,224751.2,532136.9,1072758.2,915018.4,18936.5,112163.7,560631.1,569488.4,21317.7,123581.2,525699.6,395929.8,-7437.9,-31577.8,340043.6,391729.5,228254.8,492547.8,795236.2,833979.7,357051.0,448914.7,963435.7,918076.7,237221.1,503422.7,1230415.0,1162630.7,401714.8,498135.1,959340.9,982649.7,398008.8,438212.7,924110.5,917833.1,-678883.6,-1308643.0,-1359486.4,-1849990.3,-865809.4
加:营业外收入,100.0,7632.8,16377.5,33360.8,3947.3,14639.9,22220.2,36399.9,68570.4,95284.4,100374.5,116851.9,7246.4,21331.1,30578.0,84790.1,10139.4,25555.5,53662.9,119874.9,24607.3,47112.3,70146.7,144778.2,15449.1,31694.3,46276.0,88046.3,22370.8,87763.9,96374.3,126535.9,14307.1,62425.2,74605.5,115975.6,11485.5,56501.4,90674.6,115478.1,5397.7,13637.8,25039.7,14461.0,1335.8,3324.7,5902.3,25791.7,11488.0,14775.7,18189.9,23662.3,1763.3,8607.8,13228.7,16579.0,2720.4
减：营业外支出,1500.0,7184.2,10345.2,12342.4,4807.9,13510.8,14212.4,14501.6,199.9,842.3,1193.4,6705.7,534.9,1980.1,2849.1,8716.2,2993.3,5004.2,6064.5,22741.4,696.4,8947.5,10359.1,10512.9,1621.6,4067.3,5904.6,25637.3,761.3,5005.7,8898.3,16456.8,1971.3,6461.4,13526.2,45630.8,759.0,2923.5,6202.5,11617.2,636.6,1584.8,3529.3,29003.0,621.9,1873.1,7946.7,12650.9,973.0,3108.4,8594.3,31031.5,1799.8,9834.6,10651.6,14040.7,711.9
其中：非流动资产处置损失,0.0,4424.8,4457.2,4521.2,0.0,1896.0,2064.3,1454.9,0.0,424.8,561.8,5554.5,208.5,1005.6,1079.3,4580.1,68.9,495.5,495.5,6147.0,10.7,1138.2,1399.2,2678.8,185.9,2102.7,2694.6,20620.9,48.0,3796.9,7063.0,12982.3,31.2,4118.0,6742.9,17292.0,166.4,689.2,3373.9,7897.8,163.5,0.0,597.6,0.0,200.2,0.0,995.5,0.0,0.0,0.0,0.0,0.0,0.0,0.0,0.0,0.0,0.0
四、利润总额,50000.0,170000.3,458755.9,520313.5,109217.4,142570.6,-84433.8,-1085218.6,93923.5,273017.5,404537.6,531468.1,260760.1,555925.7,1246952.7,1502506.2,231897.3,552688.2,1120356.6,1012151.9,42847.4,150328.5,620418.7,703753.7,35145.2,151208.2,566071.0,458338.8,14171.6,51180.4,427519.6,501808.6,240590.6,548511.6,856315.5,904324.5,367777.5,502492.6,1047907.8,1021937.6,241982.2,515475.7,1251925.4,1148088.7,402428.7,499586.7,957296.5,995790.5,408523.8,449880.0,933706.1,910463.9,-678920.1,-1309869.8,-1356909.3,-1847452.0,-863800.9
减：所得税费用,9700.0,47694.2,117761.9,142928.4,8418.1,21694.9,-6509.8,-159189.8,5899.2,-13450.0,31554.4,33641.3,43534.6,77808.6,221525.4,257030.4,50062.3,117476.9,267220.7,222391.0,16810.0,30476.0,149367.5,160309.9,9918.7,38658.3,126878.0,91345.6,4898.7,9026.6,89389.5,76816.0,51080.6,119865.3,188284.4,182309.7,79543.0,124122.5,239100.3,245583.9,61083.2,124828.4,292760.1,284344.7,84656.7,109900.7,194731.2,175736.8,84805.3,100320.8,173425.8,185259.3,-117278.9,-223696.3,-210727.6,-265230.3,-169095.9
五、净利润,40300.0,122306.1,340994.0,377385.1,100799.3,120875.7,-77924.0,-926028.8,88024.3,286467.5,372983.2,497826.8,217225.5,478117.1,1025427.3,1245475.8,181835.0,435211.3,853135.9,789760.9,26037.4,119852.5,471051.2,543443.8,25226.5,112549.9,439193.0,366993.2,9272.9,42153.8,338130.1,424992.6,189510.0,428646.3,668031.1,722014.8,288234.5,378370.1,808807.5,776353.7,180899.0,390647.3,959165.3,863744.0,317772.0,389686.0,762565.3,820053.7,323718.5,349559.2,760280.3,725204.6,-561641.2,-1086173.5,-1146181.7,-1582221.7,-694705.0
归属于母公司所有者的净利润,42300.0,130029.7,348771.4,388134.8,104401.4,128231.7,-65725.3,-914908.0,98121.4,292564.9,381094.7,502945.1,217170.7,469402.1,986079.9,1220804.9,167131.8,406321.4,786283.8,747685.5,23907.1,106188.5,423600.3,494804.4,24859.2,111889.2,406101.9,331861.3,9270.8,47438.1,315702.1,378238.8,167524.4,393761.4,628049.8,677400.8,243529.3,345762.1,722670.8,681401.5,146640.0,332642.0,827850.8,724031.2,262820.2,346851.9,693740.8,733632.7,272281.6,313945.7,676209.0,640857.6,-480521.0,-944112.8,-1011184.7,-1440942.9,-620779.0
少数股东损益,-2000.0,-7723.6,-7777.4,-10749.7,-3602.1,-7356.0,-12198.7,-11120.8,-10097.1,-6097.4,-8111.5,-5118.3,54.8,8715.0,39347.4,24670.9,14703.2,28889.9,66852.1,42075.4,2130.3,13664.0,47450.9,48639.4,367.3,660.7,33091.1,35131.9,2.1,-5284.3,22428.0,46753.8,21985.6,34884.9,39981.3,44614.0,44705.2,32608.0,86136.7,94952.2,34259.0,58005.3,131314.5,139712.8,54951.8,42834.1,68824.5,86421.0,51436.9,35613.5,84071.3,84347.0,-81120.2,-142060.7,-134997.0,-141278.8,-73926.0
基本每股收益(元/股),0.03,0.11,0.287,0.3267,0.09,0.11,-0.055,-0.77,0.08,0.25,0.32,0.42,0.19,0.41,0.85,1.05,0.14,0.33,0.65,0.61,0.02,0.09,0.35,0.41,0.02,0.09,0.33,0.27,0.01,0.04,0.26,0.31,0.14,0.32,0.51,0.55,0.2,0.28,0.59,0.55,0.11,0.25,0.62,0.54,0.19,0.25,0.51,0.53,0.2,0.23,0.49,0.47,-0.35,-0.69,-0.74,-1.05,-0.45
稀释每股收益(元/股),0.03,0.0,0.0,0.0,0.0,0.0,0.0,0.0,0.0,0.0,0.0,0.0,0.0,0.0,0.0,1.05,0.0,0.0,0.0,0.0,0.0,0.0,0.0,0.41,0.0,0.09,0.0,0.27,0.0,0.0,0.0,0.0,0.0,0.0,0.0,0.0,0.0,0.0,0.0,0.0,0.0,0.0,0.0,0.54,0.0,0.0,0.0,0.53,0.0,0.0,0.0,0.47,0.0,-0.69,0.0,-1.05,0.0
七、其他综合收益,0.0,0.0,0.0,0.0,0.0,0.0,0.0,0.0,0.0,0.0,0.0,31683.6,-1394.5,-14246.6,-35337.5,-58948.1,-14939.1,-21980.8,-56483.0,-88922.3,-153.1,5709.4,11653.9,42227.0,-7914.5,14020.3,4745.9,42788.0,17838.8,-23119.2,-15307.0,-298776.7,5760.4,70672.9,149899.8,-59835.4,-11520.1,132003.1,148035.1,369831.3,-15790.7,-70722.7,-118012.0,36970.5,-90323.2,109421.1,206681.0,91499.3,-47201.9,36165.7,94320.5,96907.1,40838.8,-62208.0,-140328.5,-88686.5,8270.5
八、综合收益总额,0.0,0.0,0.0,0.0,0.0,0.0,0.0,0.0,0.0,0.0,0.0,529510.4,215831.0,463870.5,990089.8,1186527.7,166895.9,413230.5,796652.9,700838.6,25884.3,125561.9,482705.1,585670.8,17312.0,126570.2,443938.9,409781.2,27111.7,19034.6,322823.1,126215.9,195270.4,499319.2,817930.9,662179.4,276714.4,510373.2,956842.6,1146185.0,165108.3,319924.6,841153.3,900714.5,227448.8,499107.1,969246.3,911553.0,276516.6,385724.9,854600.8,822111.7,-520802.4,-1148381.5,-1286510.2,-1670908.2,-686434.5
归属于母公司所有者的综合收益总额,0.0,0.0,0.0,0.0,0.0,0.0,0.0,0.0,0.0,0.0,0.0,534625.3,215776.2,455151.8,950740.1,1162029.4,152240.5,384454.6,730041.8,659767.3,23756.2,111636.4,435022.4,536961.9,17111.6,126648.2,411827.8,376238.9,26699.3,23857.6,295946.3,78005.9,173047.8,462669.1,775781.4,612590.1,232053.4,476555.0,868363.2,1045847.8,131087.0,260246.1,710475.0,760916.7,175938.4,456196.5,897990.9,826478.6,225983.5,351599.4,770206.1,735882.1,-438774.0,-1004799.1,-1149839.9,-1526645.4,-611841.5
归属于少数股东的综合收益总额,0.0,0.0,0.0,0.0,0.0,0.0,0.0,0.0,0.0,0.0,0.0,-5114.9,54.8,8718.7,39349.7,24498.3,14655.4,28775.9,66611.1,41071.3,2128.1,13925.5,47682.7,48708.9,200.4,-78.0,32111.1,33542.3,412.4,-4823.0,26876.8,48210.0,22222.6,36650.1,42149.5,49589.3,44661.0,33818.2,88479.4,100337.2,34021.3,59678.5,130678.3,139797.8,51510.4,42910.6,71255.4,85074.4,50533.1,34125.5,84394.7,86229.6,-82028.4,-143582.4,-136670.3,-144262.8,-74593.0
