报表日期,2007-12-31,2008-12-31,2009-03-31,2009-06-30,2009-09-30,2009-12-31,2010-03-31,2010-06-30,2010-09-30,2010-12-31,2011-03-31,2011-06-30,2011-09-30,2011-12-31,2012-03-31,2012-06-30,2012-09-30,2012-12-31,2013-03-31,2013-06-30,2013-09-30,2013-12-31,2014-03-31,2014-06-30,2014-09-30,2014-12-31,2015-03-31,2015-06-30,2015-09-30,2015-12-31,2016-03-31,2016-06-30,2016-09-30,2016-12-31,2017-03-31,2017-06-30,2017-09-30,2017-12-31,2018-03-31,2018-06-30,2018-09-30,2018-12-31,2019-03-31,2019-06-30,2019-09-30
一、营业总收入,418480.8,444209.33,87385.01,209963.92,352834.9,480151.74,116989.98,284125.29,465976.21,633910.97,164479.75,400189.89,632667.15,828819.83,178529.97,435272.84,776665.01,1070316.34,207015.54,541464.86,856569.55,1195650.72,239069.51,584959.0,930742.63,1276723.0,226138.38,558994.94,877496.74,1202646.65,238152.05,563055.38,910859.42,2016454.53,398095.27,990542.78,1593658.55,2341655.0,509514.27,1190231.6,1911055.82,2742083.27,599486.29,1442754.09,2247716.53
营业收入,418480.8,444209.33,87385.01,209963.92,352834.9,480151.74,116989.98,284125.29,465976.21,633910.97,164479.75,400189.89,632667.15,828819.83,178529.97,435272.84,776665.01,1070316.34,207015.54,541464.86,856569.55,1195650.72,239069.51,584959.0,930742.63,1276723.0,226138.38,558994.94,877496.74,1202646.65,238152.05,563055.38,910859.42,2016454.53,398095.27,990542.78,1593658.55,2341655.0,509514.27,1190231.6,1911055.82,2742083.27,599486.29,1442754.09,2247716.53
二、营业总成本,360688.29,385564.66,72422.43,171150.92,289847.48,410052.55,96919.76,235472.15,391655.81,550266.11,142202.41,346715.28,551426.1,720647.51,152505.03,370553.92,656461.94,906445.68,176308.13,455119.13,715497.73,1001734.11,201904.22,483577.24,766773.34,1051761.8,188172.54,460956.16,720728.86,989953.79,199122.64,466186.11,754341.43,1744569.59,359006.16,856453.23,1380969.67,2045969.48,463128.41,1029211.7,1650096.24,2403729.87,541803.55,1247379.51,1932491.73
营业成本,320671.66,332381.78,61588.15,146379.43,246311.03,344929.41,84196.91,206187.19,339088.95,469676.19,127584.62,310494.35,489841.03,629673.32,130160.48,318457.41,553883.05,749873.17,146612.05,379998.85,596771.32,817872.0,164955.62,398849.49,631830.69,853042.89,150315.72,369704.13,577200.17,783481.52,158185.91,370667.97,605678.51,1413340.83,285074.81,697745.97,1116545.03,1655086.92,372178.74,839824.42,1342176.63,1928562.52,438270.03,1037017.37,1586740.73
营业税金及附加,2013.51,2666.81,794.77,1687.21,2549.76,3144.49,823.45,1764.42,2787.55,3448.04,1009.43,2110.93,3258.85,3938.77,1129.98,2960.61,4992.57,7086.59,1413.92,3468.87,5272.62,7234.18,1645.61,4027.32,6468.58,8681.75,1659.71,4011.71,5999.21,8006.59,1622.42,3686.47,6155.48,14095.34,3929.84,8473.07,12564.31,17284.79,3353.09,8003.29,12049.0,16565.1,3510.74,8799.71,13101.89
销售费用,20516.24,23594.83,4586.86,9836.53,17286.34,24237.83,4625.68,10980.5,17304.84,30408.73,6157.35,14458.33,22668.84,33949.24,9050.37,19248.74,37639.77,64048.83,11111.97,28673.73,44242.48,70010.24,13478.77,33840.09,51911.76,79911.02,13217.78,34762.92,55707.74,79996.07,15518.58,37671.85,58591.73,101228.8,23811.48,53679.32,94322.07,134146.98,30092.7,69807.06,118107.79,174281.99,36485.18,84327.59,140083.09
管理费用,16489.07,24309.12,5227.29,12117.63,23489.79,36409.54,7417.84,16430.43,33561.92,49333.02,11434.48,24417.72,40139.63,58790.51,14465.72,30176.82,58942.99,82388.18,16801.02,39089.11,62529.64,87643.75,18472.64,40563.58,64822.82,91487.51,18311.84,41731.13,68996.74,102178.67,20549.2,49537.12,78909.14,159943.62,33100.23,71000.79,119579.59,180975.78,39903.88,88181.4,89553.32,126125.37,29678.81,61161.95,93630.19
财务费用,2147.42,1605.88,225.36,-57.31,-313.29,-519.94,-75.11,59.74,-1308.71,-2008.69,-4744.82,-5683.69,-5287.96,-6285.09,-3416.6,-2355.15,-1548.85,448.91,-1137.55,1290.08,3633.5,6461.14,1575.19,4060.06,8368.9,11694.88,3699.35,6187.69,6002.41,8696.15,2644.03,2596.51,2270.61,41570.09,11651.64,20111.38,32294.19,50533.32,16042.66,19704.33,24311.44,38931.14,15889.08,21098.15,34399.57
资产减值损失,-1149.6,1006.23,0.0,1187.43,523.85,1851.23,-69.01,49.87,221.27,-591.17,761.36,917.64,805.71,580.75,1115.09,2065.49,2552.41,2600.0,1506.72,2598.49,3048.16,12512.81,1776.39,2236.71,3370.59,6943.74,968.15,4558.57,6822.6,7594.8,602.51,2026.18,2735.96,14390.91,1438.15,5442.7,5664.48,7941.68,1557.35,3691.2,7181.05,24626.67,0.0,0.0,0.0
公允价值变动收益,14.08,-5.25,0.0,0.0,0.0,5.25,0.0,0.0,0.0,0.0,0.0,0.0,0.0,0.0,0.0,0.0,0.0,7.22,0.0,0.0,0.0,0.0,0.0,0.0,0.0,0.0,0.0,0.0,0.0,0.0,0.0,0.0,0.0,0.0,0.0,0.0,0.0,78.8,194.12,-1079.08,-3356.48,302.19,505.06,809.93,-920.07
投资收益,-761.16,513.15,-55.1,154.91,-47.65,-52.07,-36.6,-5.03,136.9,242.41,-74.18,13.33,342.55,454.28,294.49,366.64,347.06,2729.79,491.28,1610.86,3299.41,4154.55,1277.82,2427.77,5087.59,5956.01,1449.77,3150.76,5088.87,5970.5,1069.53,2057.09,3229.19,15832.71,4004.37,8103.45,11064.77,21402.26,23572.62,42145.83,55893.4,72859.98,4926.23,13791.69,23798.89
其中:对联营企业和合营企业的投资收益,-881.43,464.69,-55.1,-37.99,-47.65,-99.86,-36.6,-5.03,136.9,167.41,-74.18,13.33,29.61,141.34,-18.44,53.7,125.28,158.66,18.68,320.21,635.47,899.69,199.37,377.28,585.86,808.41,152.3,473.02,587.64,637.44,197.8,375.54,555.81,7386.72,2081.93,1083.23,7811.44,9837.51,2169.55,9546.34,13793.47,19731.58,4990.44,12513.46,17366.03
汇兑收益,0.0,0.0,0.0,0.0,0.0,0.0,0.0,0.0,0.0,0.0,0.0,0.0,0.0,0.0,0.0,0.0,0.0,0.0,0.0,0.0,0.0,0.0,0.0,0.0,0.0,0.0,0.0,0.0,0.0,0.0,0.0,0.0,0.0,0.0,0.0,0.0,0.0,0.0,0.0,0.0,0.0,0.0,0.0,0.0,0.0
三、营业利润,57045.42,59152.58,14907.48,38967.91,62939.76,70052.37,20033.61,48648.11,74457.29,83887.27,22203.16,53487.93,81583.6,108626.6,26319.43,65085.55,120550.13,166607.67,31198.69,87956.59,144371.23,198071.16,38443.1,103809.53,169056.88,230917.22,39415.61,101189.54,161856.75,218663.35,40098.94,98926.36,159747.17,287717.65,43093.48,147849.79,232149.25,338319.37,73510.93,209200.64,326109.53,424988.68,67637.88,214039.81,344130.04
加:营业外收入,438.76,448.05,78.87,7666.9,7854.91,7916.66,56.79,161.25,263.75,1256.29,88.01,150.11,230.97,587.88,105.43,213.11,3186.89,2591.33,701.89,301.26,1611.24,4757.59,335.98,781.4,1481.18,2677.31,239.32,976.77,1481.73,3690.78,507.08,1437.32,2538.42,20636.95,3210.15,3975.2,4903.55,2796.08,521.99,1106.42,1834.48,1298.76,495.67,1052.33,1378.62
减：营业外支出,1006.87,2412.37,148.49,1296.32,8530.76,8988.07,208.5,424.59,710.63,998.61,215.64,575.88,923.66,1356.64,246.35,611.88,1799.52,2182.44,278.85,734.94,1259.45,2682.8,313.69,849.09,1322.17,1209.2,271.29,2284.93,2819.9,2841.68,399.71,889.37,1067.76,4843.98,147.17,291.83,1400.52,1654.53,240.07,632.1,705.12,1986.02,101.02,603.34,791.23
其中：非流动资产处置损失,129.36,94.05,1.24,31.5,75.01,213.06,30.22,46.53,57.58,88.47,10.68,61.5,78.89,124.65,8.88,26.0,725.67,780.19,24.15,111.87,139.76,188.84,14.3,41.39,72.12,128.5,8.49,59.03,134.85,214.13,43.05,91.35,259.61,1216.03,7.07,60.79,833.73,0.0,0.0,58.2,0.0,0.0,0.0,0.0,0.0
四、利润总额,56477.32,57188.25,14837.86,45338.49,62263.92,68980.96,19881.9,48384.78,74010.41,84144.95,22075.52,53062.16,80890.91,107857.83,26178.51,64686.79,121937.51,167016.56,31621.73,87522.91,144723.02,200145.95,38465.4,103741.83,169215.89,232385.33,39383.64,99881.38,160518.58,219512.45,40206.31,99474.31,161217.83,303510.62,46156.46,151533.16,235652.28,339460.92,73792.85,209674.96,327238.89,424301.42,68032.54,214488.8,344717.44
减：所得税费用,17884.33,13537.88,2096.93,8150.76,10433.12,11784.16,3335.92,8593.04,13242.2,13741.65,3799.84,8889.22,12590.49,16844.46,4554.32,11346.33,20201.23,26907.37,5415.48,14413.92,23635.76,31042.74,5886.89,15723.05,26093.27,35667.1,6114.34,14925.9,23749.33,32421.32,5961.67,14060.19,23600.91,41717.52,7524.88,19709.46,29141.12,39853.49,9617.42,24382.69,38462.36,48125.71,10871.15,27818.01,45417.42
五、净利润,38592.98,43650.37,12740.93,37187.72,51830.8,57196.8,16545.98,39791.74,60768.22,70403.3,18275.68,44172.94,68300.42,91013.37,21624.2,53340.46,101736.27,140109.19,26206.25,73108.99,121087.26,169103.21,32578.51,88018.78,143122.62,196718.23,33269.3,84955.48,136769.24,187091.13,34244.64,85414.12,137616.93,261793.1,38631.58,131823.7,206511.16,299607.43,64175.43,185292.27,288776.53,376175.71,57161.39,186670.79,299300.01
归属于母公司所有者的净利润,36600.08,38846.15,11909.2,35081.46,48103.74,52234.37,15397.42,36954.84,56069.81,63915.26,16945.0,40499.74,62077.04,82426.28,19640.62,48773.23,91030.18,126157.28,24256.39,66221.5,110088.53,154173.94,29714.56,80974.14,131815.64,183277.81,30214.38,78339.78,127297.5,174330.48,32412.82,80225.49,128302.53,218476.35,35926.96,125645.43,196768.86,283985.47,61286.37,178253.82,279002.35,359155.96,54175.42,178398.7,286409.53
少数股东损益,1992.9,4804.22,831.74,2106.26,3727.06,4962.43,1148.56,2836.9,4698.4,6488.04,1330.68,3673.21,6223.38,8587.09,1983.57,4567.23,10706.09,13951.91,1949.86,6887.49,10998.73,14929.27,2863.95,7044.65,11306.98,13440.42,3054.91,6615.7,9471.74,12760.64,1831.82,5188.63,9314.39,43316.75,2704.62,6178.27,9742.3,15621.96,2889.06,7038.44,9774.18,17019.75,2985.97,8272.09,12890.48
基本每股收益(元/股),0.41,0.43,0.13,0.39,0.53,0.58,0.15,0.37,0.56,0.64,0.1675,0.4,0.62,0.82,0.2,0.49,0.91,1.26,0.24,0.66,1.1,1.53,0.29,0.8,1.31,1.82,0.3,0.6,0.97,1.33,0.25,0.61,0.97,1.31,0.18,0.6,0.93,1.34,0.28,0.83,1.3,1.68,0.25,0.83,1.33
稀释每股收益(元/股),0.41,0.43,0.13,0.39,0.53,0.58,0.15,0.37,0.56,0.64,0.1675,0.4,0.62,0.82,0.2,0.49,0.91,1.26,0.24,0.66,1.1,1.53,0.29,0.8,1.31,1.82,0.3,0.6,0.97,1.33,0.25,0.61,0.97,1.31,0.18,0.6,0.93,1.34,0.28,0.83,1.3,1.68,0.25,0.83,1.33
七、其他综合收益,0.0,0.0,0.0,0.0,0.0,0.0,275.0,275.0,275.0,264.35,-0.16,3.52,-52.09,-55.87,-26.01,-51.28,-114.31,-102.78,2.67,-141.76,-249.77,33.72,69.56,-128.35,25.35,-172.71,-153.14,-210.36,-14.03,918.27,-599.34,-504.82,-677.43,-1160.98,75.31,-3712.73,-4863.61,-4927.14,-6848.38,-10487.12,-13204.31,-16843.55,2892.03,1189.76,3101.21
八、综合收益总额,0.0,0.0,12740.93,0.0,51830.8,57196.8,16820.98,40066.74,61043.22,70667.65,18275.52,44176.46,68248.33,90957.5,21598.19,53289.18,101621.97,140006.4,26208.93,72967.23,120837.49,169136.93,32648.07,87890.43,143147.98,196545.51,33116.15,84745.12,136755.21,188009.4,33645.3,84909.3,136939.5,260632.12,38706.89,128110.97,201647.56,294680.3,57327.05,174805.15,275572.21,359332.17,60053.43,187860.54,302401.23
归属于母公司所有者的综合收益总额,0.0,0.0,11909.2,0.0,48103.74,52234.37,15672.42,37229.84,56344.81,64179.61,16944.84,40503.25,62024.95,82370.41,19614.62,48721.95,90915.88,126054.49,24259.07,66079.73,109838.77,154207.66,29784.12,80845.78,131840.99,183105.18,30061.21,78129.44,127282.72,175247.21,31813.67,79719.84,127624.14,219155.21,36001.66,121941.17,191922.5,279802.71,54442.86,167802.57,265815.51,343096.48,57060.91,179582.5,289456.97
归属于少数股东的综合收益总额,0.0,0.0,831.74,0.0,3727.06,4962.43,1148.56,2836.9,4698.4,6488.04,1330.68,3673.21,6223.38,8587.09,1983.57,4567.23,10706.09,13951.91,1949.86,6887.49,10998.73,14929.27,2863.95,7044.65,11306.98,13440.34,3054.94,6615.68,9472.49,12762.19,1831.64,5189.46,9315.36,41476.92,2705.24,6169.8,9725.05,14877.59,2884.19,7002.57,9756.7,16235.69,2992.52,8278.05,12944.26
