报表日期,2011-12-31,2012-12-31,2013-12-31,2014-03-31,2014-06-30,2014-09-30,2014-12-31,2015-03-31,2015-06-30,2015-09-30,2015-12-31,2016-03-31,2016-06-30,2016-09-30,2016-12-31,2017-03-31,2017-06-30,2017-09-30,2017-12-31,2018-03-31,2018-06-30,2018-09-30,2018-12-31,2019-03-31,2019-06-30
一、营业总收入,109574.96,131727.71,167578.87,17440.36,76145.85,119547.26,181180.21,22442.11,83878.31,141592.15,218493.04,26786.38,125217.29,221687.57,333588.89,46454.3,171194.54,299421.77,462537.27,103411.7,268430.66,453636.83,652102.45,110958.55,342707.68
营业收入,109574.96,131727.71,167578.87,17440.36,76145.85,119547.26,181180.21,22442.11,83878.31,141592.15,218493.04,26786.38,125217.29,221687.57,333588.89,46454.3,171194.54,299421.77,462537.27,103411.7,268430.66,453636.83,652102.45,110958.55,342707.68
二、营业总成本,105771.24,124784.72,159343.25,16983.44,73725.81,116010.61,171352.15,22004.56,81214.22,137978.69,208474.46,26276.63,123065.52,218823.81,325768.79,44564.8,168577.52,293970.12,443284.52,98296.27,258293.19,435532.21,616360.8,104558.87,322835.64
营业成本,92769.26,113723.67,145934.22,15248.87,66671.88,104505.49,156702.68,19784.88,72539.64,123836.83,188903.15,23662.22,111310.67,199482.02,299443.17,40656.04,152550.89,266606.06,400143.76,92271.06,235513.27,395968.95,557595.55,96204.3,299669.04
营业税金及附加,3492.65,4141.2,5458.62,541.82,2480.26,3866.8,5815.94,728.19,2757.25,4696.29,7200.77,892.75,1216.06,1425.28,1762.61,157.89,571.78,702.29,1171.63,490.57,887.21,1122.93,1539.21,311.24,687.98
销售费用,1534.28,1820.49,1747.26,400.38,1012.23,1522.3,1949.17,548.62,1084.13,1718.17,2229.59,817.05,1726.11,2750.41,3921.7,1027.12,1986.1,3063.72,3533.25,1135.91,2169.52,3523.55,4259.37,1227.57,2389.73
管理费用,6097.4,3250.41,3780.18,1143.97,2223.24,3202.82,4165.07,1086.41,2415.43,3885.21,5208.0,1985.49,4698.35,6992.29,9799.7,2952.79,5787.78,10322.85,27537.19,4814.01,13107.3,13482.76,16979.82,3647.78,7584.87
财务费用,281.84,1034.25,1312.7,354.58,741.55,1139.46,1611.71,650.24,1008.3,1419.54,1868.38,579.14,1179.54,1838.47,2910.94,1526.12,2814.44,3740.19,6436.17,1466.06,3399.3,4314.78,6792.81,2641.95,6184.74
资产减值损失,1595.82,814.69,1110.26,-706.18,596.66,1773.74,1107.59,-793.78,1409.48,2422.65,3064.58,-1660.02,2934.8,6335.35,7930.69,-1755.16,4866.53,9535.01,4462.53,-1881.34,3216.59,7369.3,11353.21,-2176.96,0.0
公允价值变动收益,0.0,0.0,0.0,0.0,0.0,0.0,0.0,0.0,0.0,0.0,0.0,0.0,0.0,0.0,0.0,0.0,0.0,0.0,0.0,0.0,0.0,0.0,0.0,0.0,0.0
投资收益,0.0,0.0,-56.64,-37.58,-93.26,-131.24,-181.46,-63.79,111.93,67.82,36.05,0.0,0.0,0.0,37.28,4.02,363.22,534.65,423.13,492.16,643.06,692.74,309.6,223.54,363.1
其中:对联营企业和合营企业的投资收益,0.0,0.0,-56.64,-37.58,-93.26,-131.24,-181.46,-63.79,-126.59,-176.61,-208.38,0.0,0.0,0.0,0.0,0.0,0.0,0.0,-159.57,0.0,0.0,0.0,-417.96,0.0,0.0
汇兑收益,0.0,0.0,0.0,0.0,0.0,0.0,0.0,0.0,0.0,0.0,0.0,0.0,0.0,0.0,0.0,0.0,0.0,0.0,0.0,0.0,0.0,0.0,0.0,0.0,0.0
三、营业利润,3803.71,6942.99,8178.98,419.35,2326.77,3405.42,9646.6,373.75,2776.01,3681.28,10054.63,509.74,2151.77,2863.75,7857.38,1893.52,2980.24,5986.3,19678.3,5612.16,10780.52,18797.36,35749.4,6623.22,14263.8
加:营业外收入,1522.29,1319.61,1057.94,47.19,66.31,97.36,858.26,36.16,46.87,191.9,1002.21,53.09,115.92,507.2,3545.83,1.51,111.97,135.71,461.81,20.69,351.79,419.69,422.02,756.52,1561.95
减：营业外支出,4.16,4.63,15.75,10.27,13.55,13.6,13.82,1.03,11.3,11.45,201.94,0.67,0.31,77.41,17.32,0.57,14.52,14.8,27.12,3.15,70.72,87.33,98.41,51.27,55.43
其中：非流动资产处置损失,1.97,3.57,0.88,0.27,0.67,1.03,1.25,0.1,0.21,0.36,0.56,0.67,0.31,0.61,9.51,0.46,14.41,14.41,0.0,0.0,0.0,0.0,0.0,0.0,0.0
四、利润总额,5321.84,8257.97,9221.18,456.27,2379.53,3489.18,10491.05,408.88,2811.58,3861.73,10854.9,562.17,2267.38,3293.54,11385.89,1894.46,3077.69,6107.21,20112.99,5629.7,11061.59,19129.72,36073.01,7328.47,15770.32
减：所得税费用,2325.33,2136.66,2406.17,193.13,646.34,1019.16,2775.61,123.32,775.14,1124.23,2656.85,263.28,613.21,890.85,2241.92,437.62,829.25,1350.52,3028.13,1087.32,2059.99,3984.18,7350.21,1489.33,3278.98
五、净利润,2996.52,6121.31,6815.0,263.14,1733.19,2470.02,7715.44,285.56,2036.44,2737.49,8198.05,298.88,1654.17,2402.7,9143.97,1456.84,2248.44,4756.69,17084.86,4542.38,9001.6,15145.54,28722.8,5839.14,12491.35
归属于母公司所有者的净利润,2996.52,6170.35,6695.64,280.9,1657.26,2422.63,7500.63,287.51,2068.93,2852.37,8253.25,559.23,2142.14,3002.89,10039.14,1730.1,2575.02,4862.45,16475.56,3792.87,7211.53,12659.16,26048.19,5023.83,9722.45
少数股东损益,0.0,-49.04,119.36,-17.76,75.92,47.39,214.81,-1.96,-32.48,-114.88,-55.2,-260.35,-487.97,-600.19,-895.17,-273.26,-326.58,-105.76,609.3,749.51,1790.08,2486.38,2674.62,815.31,2768.89
基本每股收益(元/股),0.254,0.5142,0.5579999999999999,0.02,0.1381,0.2,0.6251,0.02,0.16,0.21,0.55,0.03,0.13,0.19,0.6109,0.1,0.05,0.09,0.3094,0.06,0.13,0.24,0.4894,0.0921,0.18
稀释每股收益(元/股),0.254,0.5142,0.5579999999999999,0.02,0.1381,0.2,0.6251,0.02,0.13,0.18,0.55,0.03,0.13,0.19,0.6109,0.1,0.05,0.09,0.3094,0.06,0.13,0.24,0.4894,0.0921,0.18
七、其他综合收益,0.0,0.0,0.0,0.0,0.0,0.0,0.0,0.0,0.0,0.0,0.0,0.0,0.0,0.0,10.57,0.0,0.0,0.0,-26.18,-537.59,0.0,0.0,-302.72,-306.24,-629.74
八、综合收益总额,2996.52,6121.31,6815.0,263.14,1733.19,2470.02,7715.44,285.56,2036.44,2737.49,8198.05,298.88,1654.17,2402.7,9154.55,1456.84,2248.44,4756.69,17058.68,4004.79,9001.6,15145.54,28420.08,5532.89,11861.6
归属于母公司所有者的综合收益总额,2996.52,6170.35,6695.64,280.9,1657.26,2422.63,7500.63,287.51,2068.93,2852.37,8253.25,559.23,2142.14,3002.89,10049.71,1730.1,2575.02,4862.45,16435.21,3357.72,7211.53,12659.16,25862.74,4862.34,9346.36
归属于少数股东的综合收益总额,0.0,-49.04,119.36,-17.76,75.92,47.39,214.81,-1.96,-32.48,-114.88,-55.2,-260.35,-487.97,-600.19,-895.17,-273.26,-326.58,-105.76,623.47,647.07,1790.08,2486.38,2557.35,670.55,2515.24
